Instrument,Date,Time,Record Type,Price,Volume,Value,Bid Price,Bid Size,Ask Price,Ask Size,Midpoint Price,Spread,Relative Spread,Qualifiers
"WOW","2016-05-02","07:05:27.654","OFFTR","24.500","1000","24500","","","","","","","","EP"
"WOW","2016-05-02","10:08:59.029","TRADE","22.030","417","9186.51","","","","","22.03","","","AC"
"WOW","2016-05-02","10:08:59.029","TRADE","22.030","18","396.54","","","","","22.03","","","AC"
"WOW","2016-05-02","10:08:59.029","TRADE","22.030","329","7247.87","","","","","22.03","","","AC"
"WOW","2016-05-02","10:08:59.029","TRADE","22.030","3","66.09","","","","","22.03","","","AC"
"WOW","2016-05-02","10:08:59.029","TRADE","22.030","244","5375.32","","","","","22.03","","","AC"
"WOW","2016-05-02","10:08:59.029","TRADE","22.030","262","5771.86","","","","","22.03","","","AC"
"WOW","2016-05-02","10:08:59.029","TRADE","22.030","80","1762.4","","","","","22.03","","","AC"
"WOW","2016-05-02","10:08:59.029","TRADE","22.030","11","242.33","","","","","22.03","","","AC"
"WOW","2016-05-02","10:08:59.029","TRADE","22.030","39","859.17","","","","","22.03","","","AC"
"WOW","2016-05-02","10:08:59.029","TRADE","22.030","280","6168.4","","","","","22.03","","","AC"
"WOW","2016-05-02","10:08:59.029","TRADE","22.030","231","5088.93","","","","","22.03","","","AC"
"WOW","2016-05-02","10:08:59.029","TRADE","22.030","18","396.54","","","","","22.03","","","AC"
"WOW","2016-05-02","10:08:59.029","TRADE","22.030","151","3326.53","","","","","22.03","","","AC"
"WOW","2016-05-02","10:08:59.029","TRADE","22.030","49","1079.47","","","","","22.03","","","AC"
"WOW","2016-05-02","10:08:59.029","TRADE","22.030","20","440.6","","","","","22.03","","","AC"
"WOW","2016-05-02","10:08:59.029","TRADE","22.030","28","616.84","","","","","22.03","","","AC"
"WOW","2016-05-02","10:08:59.029","TRADE","22.030","172","3789.16","","","","","22.03","","","AC"
"WOW","2016-05-02","10:08:59.029","TRADE","22.030","328","7225.84","","","","","22.03","","","AC"
"WOW","2016-05-02","10:08:59.029","TRADE","22.030","10","220.3","","","","","22.03","","","AC"
"WOW","2016-05-02","10:08:59.029","TRADE","22.030","400","8812","","","","","22.03","","","AC"
"WOW","2016-05-02","10:08:59.029","TRADE","22.030","400","8812","","","","","22.03","","","AC"
"WOW","2016-05-02","10:08:59.029","TRADE","22.030","82","1806.46","","","","","22.03","","","AC"
"WOW","2016-05-02","10:08:59.029","TRADE","22.030","351","7732.53","","","","","22.03","","","AC"
"WOW","2016-05-02","10:08:59.029","TRADE","22.030","305","6719.15","","","","","22.03","","","AC"
"WOW","2016-05-02","10:08:59.029","TRADE","22.030","495","10904.85","","","","","22.03","","","AC"
"WOW","2016-05-02","10:08:59.029","TRADE","22.030","266","5859.98","","","","","22.03","","","AC"
"WOW","2016-05-02","10:08:59.029","TRADE","22.030","83","1828.49","","","","","22.03","","","AC"
"WOW","2016-05-02","10:08:59.029","TRADE","22.030","335","7380.05","","","","","22.03","","","AC"
"WOW","2016-05-02","10:08:59.029","TRADE","22.030","3","66.09","","","","","22.03","","","AC"
"WOW","2016-05-02","10:08:59.029","TRADE","22.030","440","9693.2","","","","","22.03","","","AC XT"
"WOW","2016-05-02","10:08:59.029","TRADE","22.030","338","7446.14","","","","","22.03","","","AC XT"
"WOW","2016-05-02","10:08:59.029","TRADE","22.030","232","5110.96","","","","","22.03","","","AC XT"
"WOW","2016-05-02","10:08:59.029","TRADE","22.030","2426","53444.78","","","","","22.03","","","AC"
"WOW","2016-05-02","10:08:59.029","TRADE","22.030","5584","123015.52","","","","","22.03","","","AC"
"WOW","2016-05-02","10:08:59.029","TRADE","22.030","3","66.09","","","","","22.03","","","AC"
"WOW","2016-05-02","10:08:59.029","TRADE","22.030","397","8745.91","","","","","22.03","","","AC"
"WOW","2016-05-02","10:08:59.029","TRADE","22.030","40","881.2","","","","","22.03","","","AC"
"WOW","2016-05-02","10:08:59.029","TRADE","22.030","43","947.29","","","","","22.03","","","AC"
"WOW","2016-05-02","10:08:59.029","TRADE","22.030","24","528.72","","","","","22.03","","","AC"
"WOW","2016-05-02","10:08:59.029","TRADE","22.030","1570","34587.1","","","","","22.03","","","AC"
"WOW","2016-05-02","10:08:59.029","TRADE","22.030","24","528.72","","","","","22.03","","","AC"
"WOW","2016-05-02","10:08:59.029","TRADE","22.030","230","5066.9","","","","","22.03","","","AC"
"WOW","2016-05-02","10:08:59.029","TRADE","22.030","393","8657.79","","","","","22.03","","","AC"
"WOW","2016-05-02","10:08:59.029","TRADE","22.030","137","3018.11","","","","","22.03","","","AC"
"WOW","2016-05-02","10:08:59.029","TRADE","22.030","482","10618.46","","","","","22.03","","","AC"
"WOW","2016-05-02","10:08:59.029","TRADE","22.030","1944","42826.32","","","","","22.03","","","AC"
"WOW","2016-05-02","10:08:59.029","TRADE","22.030","2196","48377.88","","","","","22.03","","","AC"
"WOW","2016-05-02","10:08:59.029","TRADE","22.030","230","5066.9","","","","","22.03","","","AC"
"WOW","2016-05-02","10:08:59.029","TRADE","22.030","455","10023.65","","","","","22.03","","","AC"
"WOW","2016-05-02","10:08:59.029","TRADE","22.030","1971","43421.13","","","","","22.03","","","AC"
"WOW","2016-05-02","10:08:59.029","TRADE","22.030","5","110.15","","","","","22.03","","","AC"
"WOW","2016-05-02","10:08:59.029","TRADE","22.030","534","11764.02","","","","","22.03","","","AC"
"WOW","2016-05-02","10:08:59.029","TRADE","22.030","606","13350.18","","","","","22.03","","","AC"
"WOW","2016-05-02","10:08:59.029","TRADE","22.030","297","6542.91","","","","","22.03","","","AC"
"WOW","2016-05-02","10:08:59.029","TRADE","22.030","984","21677.52","","","","","22.03","","","AC"
"WOW","2016-05-02","10:08:59.029","TRADE","22.030","618","13614.54","","","","","22.03","","","AC"
"WOW","2016-05-02","10:08:59.029","TRADE","22.030","147","3238.41","","","","","22.03","","","AC"
"WOW","2016-05-02","10:08:59.029","TRADE","22.030","251","5529.53","","","","","22.03","","","AC"
"WOW","2016-05-02","10:08:59.029","TRADE","22.030","1119","24651.57","","","","","22.03","","","AC"
"WOW","2016-05-02","10:08:59.029","TRADE","22.030","31","682.93","","","","","22.03","","","AC"
"WOW","2016-05-02","10:08:59.029","TRADE","22.030","3285","72368.55","","","","","22.03","","","AC"
"WOW","2016-05-02","10:08:59.029","TRADE","22.030","14","308.42","","","","","22.03","","","AC XT"
"WOW","2016-05-02","10:08:59.029","TRADE","22.030","45","991.35","","","","","22.03","","","AC"
"WOW","2016-05-02","10:08:59.029","TRADE","22.030","5","110.15","","","","","22.03","","","AC"
"WOW","2016-05-02","10:08:59.029","TRADE","22.030","395","8701.85","","","","","22.03","","","AC"
"WOW","2016-05-02","10:08:59.029","TRADE","22.030","226","4978.78","","","","","22.03","","","AC"
"WOW","2016-05-02","10:08:59.029","TRADE","22.030","254","5595.62","","","","","22.03","","","AC"
"WOW","2016-05-02","10:08:59.029","TRADE","22.030","196","4317.88","","","","","22.03","","","AC"
"WOW","2016-05-02","10:08:59.029","TRADE","22.030","455","10023.65","","","","","22.03","","","AC"
"WOW","2016-05-02","10:08:59.029","TRADE","22.030","85","1872.55","","","","","22.03","","","AC"
"WOW","2016-05-02","10:08:59.029","TRADE","22.030","24","528.72","","","","","22.03","","","AC"
"WOW","2016-05-02","10:08:59.029","TRADE","22.030","1000","22030","","","","","22.03","","","AC"
"WOW","2016-05-02","10:08:59.029","TRADE","22.030","33","726.99","","","","","22.03","","","AC"
"WOW","2016-05-02","10:08:59.029","TRADE","22.030","903","19893.09","","","","","22.03","","","AC"
"WOW","2016-05-02","10:08:59.029","TRADE","22.030","135","2974.05","","","","","22.03","","","AC"
"WOW","2016-05-02","10:08:59.029","TRADE","22.030","2023","44566.69","","","","","22.03","","","AC"
"WOW","2016-05-02","10:08:59.029","TRADE","22.030","99","2180.97","","","","","22.03","","","AC"
"WOW","2016-05-02","10:08:59.029","TRADE","22.030","1000","22030","","","","","22.03","","","AC"
"WOW","2016-05-02","10:08:59.029","TRADE","22.030","239","5265.17","","","","","22.03","","","AC"
"WOW","2016-05-02","10:08:59.029","TRADE","22.030","645","14209.35","","","","","22.03","","","AC"
"WOW","2016-05-02","10:08:59.029","TRADE","22.030","995","21919.85","","","","","22.03","","","AC"
"WOW","2016-05-02","10:08:59.029","TRADE","22.030","46","1013.38","","","","","22.03","","","AC"
"WOW","2016-05-02","10:08:59.029","TRADE","22.030","8","176.24","","","","","22.03","","","AC"
"WOW","2016-05-02","10:08:59.029","TRADE","22.030","39","859.17","","","","","22.03","","","AC"
"WOW","2016-05-02","10:08:59.029","TRADE","22.030","94","2070.82","","","","","22.03","","","AC"
"WOW","2016-05-02","10:08:59.029","TRADE","22.030","7","154.21","","","","","22.03","","","AC"
"WOW","2016-05-02","10:08:59.029","TRADE","22.030","378","8327.34","","","","","22.03","","","AC"
"WOW","2016-05-02","10:08:59.029","TRADE","22.030","615","13548.45","","","","","22.03","","","AC"
"WOW","2016-05-02","10:09:01.958","TRADE","22.010","120","2641.2","","","","","22.01","","","Si"
"WOW","2016-05-02","10:09:01.966","TRADE","22.010","123","2707.23","","","","","22.01","","","Si"
"WOW","2016-05-02","10:09:03.125","TRADE","22.010","757","16661.57","","","","","22.01","","","Si"
"WOW","2016-05-02","10:09:03.179","TRADE","22.000","196","4312","","","","","22","","","Si"
"WOW","2016-05-02","10:09:03.383","TRADE","22.030","99","2180.97","","","","","22.03","","","Bi"
"WOW","2016-05-02","10:09:03.383","TRADE","22.030","17","374.51","","","","","22.03","","","Bi"
"WOW","2016-05-02","10:09:03.393","TRADE","22.030","1500","33045","","","","","22.03","","","Si"
"WOW","2016-05-02","10:09:03.393","TRADE","22.030","1000","22030","","","","","22.03","","","Si"
"WOW","2016-05-02","10:09:03.393","TRADE","22.030","1000","22030","","","","","22.03","","","Si"
"WOW","2016-05-02","10:09:03.393","TRADE","22.030","1000","22030","","","","","22.03","","","Si"
"WOW","2016-05-02","10:09:03.393","TRADE","22.030","385","8481.55","","","","","22.03","","","Si"
"WOW","2016-05-02","10:09:03.412","TRADE","22.000","355","7810","","","","","22","","","Si"
"WOW","2016-05-02","10:09:03.419","TRADE","22.000","449","9878","","","","","22","","","Si"
"WOW","2016-05-02","10:09:03.419","TRADE","22.000","214","4708","","","","","22","","","Si"
"WOW","2016-05-02","10:09:03.442","TRADE","22.000","158","3476","","","","","22","","","Si"
"WOW","2016-05-02","10:09:03.804","TRADE","22.000","11","242","","","","","22","","","Si"
"WOW","2016-05-02","10:09:04.330","TRADE","22.040","21","462.84","","","","","22.04","","","Bi"
"WOW","2016-05-02","10:09:10.535","TRADE","22.040","8","176.32","","","","","22.04","","","Bi"
"WOW","2016-05-02","10:09:10.535","TRADE","22.040","29","639.16","","","","","22.04","","","Bi"
"WOW","2016-05-02","10:09:12.153","TRADE","22.000","217","4774","","","","","22","","","XT Si"
"WOW","2016-05-02","10:09:12.153","TRADE","22.000","50","1100","","","","","22","","","Si"
"WOW","2016-05-02","10:09:12.153","TRADE","22.000","91","2002","","","","","22","","","XT Si"
"WOW","2016-05-02","10:09:12.168","TRADE","22.000","129","2838","","","","","22","","","Si"
"WOW","2016-05-02","10:09:16.714","TRADE","22.000","233","5126","","","","","22","","","Si"
"WOW","2016-05-02","10:09:16.714","TRADE","22.000","200","4400","","","","","22","","","Si"
"WOW","2016-05-02","10:09:16.714","TRADE","22.000","900","19800","","","","","22","","","Si"
"WOW","2016-05-02","10:09:16.714","TRADE","22.000","25","550","","","","","22","","","Si"
"WOW","2016-05-02","10:09:16.714","TRADE","22.000","100","2200","","","","","22","","","Si"
"WOW","2016-05-02","10:09:16.714","TRADE","22.000","100","2200","","","","","22","","","Si"
"WOW","2016-05-02","10:09:16.714","TRADE","22.000","230","5060","","","","","22","","","Si"
"WOW","2016-05-02","10:09:16.714","TRADE","22.000","212","4664","","","","","22","","","Si"
"WOW","2016-05-02","10:09:16.726","TRADE","22.000","99","2178","","","","","22","","","Si"
"WOW","2016-05-02","10:09:16.733","TRADE","22.000","189","4158","","","","","22","","","Si"
"WOW","2016-05-02","10:09:16.733","TRADE","22.000","70","1540","","","","","22","","","Si"
"WOW","2016-05-02","10:09:16.741","TRADE","22.000","106","2332","","","","","22","","","Si"
"WOW","2016-05-02","10:09:24.827","TRADE","22.040","30","661.2","","","","","22.04","","","Bi"
"WOW","2016-05-02","10:09:24.827","TRADE","22.040","194","4275.76","","","","","22.04","","","Bi"
"WOW","2016-05-02","10:09:24.855","TRADE","22.010","116","2553.16","","","","","22.01","","","XT Si"
"WOW","2016-05-02","10:09:31.014","TRADE","22.070","169","3729.83","","","","","22.07","","","Bi"
"WOW","2016-05-02","10:09:31.014","TRADE","22.070","143","3156.01","","","","","22.07","","","Bi"
"WOW","2016-05-02","10:09:31.015","TRADE","22.070","2601","57404.07","","","","","22.07","","","XT Si"
"WOW","2016-05-02","10:09:31.015","TRADE","22.080","21","463.68","","","","","22.08","","","Bi"
"WOW","2016-05-02","10:09:31.015","TRADE","22.080","579","12784.32","","","","","22.08","","","Bi"
"WOW","2016-05-02","10:09:31.015","TRADE","22.080","203","4482.24","","","","","22.08","","","Bi"
"WOW","2016-05-02","10:09:31.042","TRADE","22.020","132","2906.64","","","","","22.02","","","Si"
"WOW","2016-05-02","10:09:31.360","TRADE","22.070","286","6312.02","","","","","22.07","","","XT Si"
"WOW","2016-05-02","10:09:48.552","TRADE","22.050","1500","33075","","","","","22.05","","","Bi"
"WOW","2016-05-02","10:09:48.845","TRADE","22.030","210","4626.3","","","","","22.03","","","Si"
"WOW","2016-05-02","10:09:48.845","TRADE","22.030","3","66.09","","","","","22.03","","","Si"
"WOW","2016-05-02","10:09:48.845","TRADE","22.030","163","3590.89","","","","","22.03","","","Si"
"WOW","2016-05-02","10:09:56.112","OFFTR","22.065","18","397.17","","","","","","","","NX XT"
"WOW","2016-05-02","10:10:27.527","TRADE","22.040","178","3923.12","","","","","22.04","","","Si"
"WOW","2016-05-02","10:10:27.527","TRADE","22.040","338","7449.52","","","","","22.04","","","Si"
"WOW","2016-05-02","10:10:27.527","TRADE","22.040","134","2953.36","","","","","22.04","","","Si"
"WOW","2016-05-02","10:10:27.536","TRADE","22.040","86","1895.44","","","","","22.04","","","Si"
"WOW","2016-05-02","10:10:27.536","TRADE","22.030","43","947.29","","","","","22.03","","","Si"
"WOW","2016-05-02","10:10:27.536","TRADE","22.030","13","286.39","","","","","22.03","","","Si"
"WOW","2016-05-02","10:10:27.543","TRADE","22.030","128","2819.84","","","","","22.03","","","Si"
"WOW","2016-05-02","10:10:31.111","TRADE","22.030","300","6609","","","","","22.03","","","Si"
"WOW","2016-05-02","10:10:42.575","TRADE","22.080","21","463.68","","","","","22.08","","","Bi"
"WOW","2016-05-02","10:11:16.786","TRADE","22.080","150","3312","","","","","22.08","","","Bi"
"WOW","2016-05-02","10:11:26.372","TRADE","22.090","79","1745.11","","","","","22.09","","","Bi"
"WOW","2016-05-02","10:11:28.553","TRADE","22.090","89","1966.01","","","","","22.09","","","Bi"
"WOW","2016-05-02","10:11:34.222","TRADE","22.090","79","1745.11","","","","","22.09","","","Bi"
"WOW","2016-05-02","10:11:34.222","TRADE","22.090","121","2672.89","","","","","22.09","","","Bi"
"WOW","2016-05-02","10:11:37.516","TRADE","22.060","165","3639.9","","","","","22.06","","","Si"
"WOW","2016-05-02","10:11:37.516","TRADE","22.060","135","2978.1","","","","","22.06","","","Si"
"WOW","2016-05-02","10:11:52.563","TRADE","22.070","105","2317.35","","","","","22.07","","","Si"
"WOW","2016-05-02","10:11:54.469","TRADE","22.090","67","1480.03","","","","","22.09","","","XT Bi"
"WOW","2016-05-02","10:11:54.469","TRADE","22.090","52","1148.68","","","","","22.09","","","Bi"
"WOW","2016-05-02","10:11:54.470","TRADE","22.090","100","2209","","","","","22.09","","","Si"
"WOW","2016-05-02","10:11:54.470","TRADE","22.090","197","4351.73","","","","","22.09","","","Si"
"WOW","2016-05-02","10:11:54.470","TRADE","22.090","1282","28319.38","","","","","22.09","","","Si"
"WOW","2016-05-02","10:11:54.491","TRADE","22.070","60","1324.2","","","","","22.07","","","Si"
"WOW","2016-05-02","10:11:54.491","TRADE","22.070","180","3972.6","","","","","22.07","","","Si"
"WOW","2016-05-02","10:11:54.750","TRADE","22.090","219","4837.71","","","","","22.09","","","Bi"
"WOW","2016-05-02","10:12:10.745","TRADE","22.090","79","1745.11","","","","","22.09","","","Bi"
"WOW","2016-05-02","10:12:10.745","TRADE","22.090","158","3490.22","","","","","22.09","","","Bi"
"WOW","2016-05-02","10:12:10.745","TRADE","22.090","2","44.18","","","","","22.09","","","Bi"
"WOW","2016-05-02","10:12:10.745","TRADE","22.090","489","10802.01","","","","","22.09","","","Si"
"WOW","2016-05-02","10:12:10.763","TRADE","22.070","232","5120.24","","","","","22.07","","","Si"
"WOW","2016-05-02","10:12:14.516","TRADE","22.090","80","1767.2","","","","","22.09","","","Bi"
"WOW","2016-05-02","10:12:14.516","TRADE","22.090","4","88.36","","","","","22.09","","","Bi"
"WOW","2016-05-02","10:12:22.272","TRADE","22.070","11","242.77","","","","","22.07","","","Si"
"WOW","2016-05-02","10:12:22.272","TRADE","22.070","16","353.12","","","","","22.07","","","Si"
"WOW","2016-05-02","10:12:22.272","TRADE","22.070","233","5142.31","","","","","22.07","","","Si"
"WOW","2016-05-02","10:12:22.272","TRADE","22.070","151","3332.57","","","","","22.07","","","Si"
"WOW","2016-05-02","10:12:22.272","TRADE","22.070","159","3509.13","","","","","22.07","","","Si"
"WOW","2016-05-02","10:12:22.288","TRADE","22.060","132","2911.92","","","","","22.06","","","Si"
"WOW","2016-05-02","10:12:42.200","TRADE","22.090","114","2518.26","","","","","22.09","","","Bi"
"WOW","2016-05-02","10:12:42.200","TRADE","22.090","2","44.18","","","","","22.09","","","Bi"
"WOW","2016-05-02","10:12:42.328","TRADE","22.090","11","242.99","","","","","22.09","","","Si"
"WOW","2016-05-02","10:12:42.743","TRADE","22.090","373","8239.57","","","","","22.09","","","Si"
"WOW","2016-05-02","10:12:42.743","TRADE","22.090","27","596.43","","","","","22.09","","","Si"
"WOW","2016-05-02","10:12:42.754","TRADE","22.090","127","2805.43","","","","","22.09","","","Si"
"WOW","2016-05-02","10:12:42.754","TRADE","22.090","58","1281.22","","","","","22.09","","","Si"
"WOW","2016-05-02","10:12:43.158","TRADE","22.090","193","4263.37","","","","","22.09","","","Si"
"WOW","2016-05-02","10:12:43.765","TRADE","22.100","25","552.5","","","","","22.1","","","Bi"
"WOW","2016-05-02","10:12:43.765","TRADE","22.100","100","2210","","","","","22.1","","","Bi"
"WOW","2016-05-02","10:12:43.765","TRADE","22.100","15","331.5","","","","","22.1","","","Bi"
"WOW","2016-05-02","10:12:43.765","TRADE","22.100","301","6652.1","","","","","22.1","","","Bi"
"WOW","2016-05-02","10:12:43.765","TRADE","22.100","87","1922.7","","","","","22.1","","","Bi"
"WOW","2016-05-02","10:12:43.765","TRADE","22.100","6","132.6","","","","","22.1","","","Bi"
"WOW","2016-05-02","10:12:43.765","TRADE","22.110","424","9374.64","","","","","22.11","","","Bi"
"WOW","2016-05-02","10:12:43.769","TRADE","22.100","80","1768","","","","","22.1","","","Si"
"WOW","2016-05-02","10:12:54.491","TRADE","22.110","76","1680.36","","","","","22.11","","","Bi"
"WOW","2016-05-02","10:12:54.491","TRADE","22.110","300","6633","","","","","22.11","","","Bi"
"WOW","2016-05-02","10:12:54.491","TRADE","22.110","224","4952.64","","","","","22.11","","","Bi"
"WOW","2016-05-02","10:12:54.491","TRADE","22.110","1386","30644.46","","","","","22.11","","","Bi"
"WOW","2016-05-02","10:12:54.491","TRADE","22.110","583","12890.13","","","","","22.11","","","Bi"
"WOW","2016-05-02","10:12:54.491","TRADE","22.110","159","3515.49","","","","","22.11","","","Bi"
"WOW","2016-05-02","10:12:54.491","TRADE","22.110","342","7561.62","","","","","22.11","","","Bi"
"WOW","2016-05-02","10:12:54.491","TRADE","22.110","267","5903.37","","","","","22.11","","","Bi"
"WOW","2016-05-02","10:12:54.491","TRADE","22.110","90","1989.9","","","","","22.11","","","Bi"
"WOW","2016-05-02","10:12:54.491","TRADE","22.110","4","88.44","","","","","22.11","","","Bi"
"WOW","2016-05-02","10:12:57.963","TRADE","22.120","1296","28667.52","","","","","22.12","","","Bi"
"WOW","2016-05-02","10:12:57.963","TRADE","22.120","369","8162.28","","","","","22.12","","","XT Bi"
"WOW","2016-05-02","10:12:57.963","TRADE","22.120","17","376.04","","","","","22.12","","","Bi"
"WOW","2016-05-02","10:12:57.974","TRADE","22.100","88","1944.8","","","","","22.1","","","Si"
"WOW","2016-05-02","10:12:57.974","TRADE","22.100","10","221","","","","","22.1","","","Si"
"WOW","2016-05-02","10:13:02.506","TRADE","22.100","134","2961.4","","","","","22.1","","","Si"
"WOW","2016-05-02","10:13:02.506","TRADE","22.100","116","2563.6","","","","","22.1","","","Si"
"WOW","2016-05-02","10:13:14.236","TRADE","22.120","273","6038.76","","","","","22.12","","","XT Bi"
"WOW","2016-05-02","10:13:14.236","TRADE","22.120","2077","45943.24","","","","","22.12","","","XT Bi"
"WOW","2016-05-02","10:13:14.236","TRADE","22.120","260","5751.2","","","","","22.12","","","XT Bi"
"WOW","2016-05-02","10:13:14.236","TRADE","22.120","272","6016.64","","","","","22.12","","","XT Bi"
"WOW","2016-05-02","10:13:14.236","TRADE","22.120","38","840.56","","","","","22.12","","","Bi"
"WOW","2016-05-02","10:13:17.387","TRADE","22.130","270","5975.1","","","","","22.13","","","Bi"
"WOW","2016-05-02","10:13:17.387","TRADE","22.130","225","4979.25","","","","","22.13","","","Bi"
"WOW","2016-05-02","10:13:17.387","TRADE","22.130","154","3408.02","","","","","22.13","","","Bi"
"WOW","2016-05-02","10:13:17.387","TRADE","22.130","76","1681.88","","","","","22.13","","","Bi"
"WOW","2016-05-02","10:13:23.017","TRADE","22.130","150","3319.5","","","","","22.13","","","Si"
"WOW","2016-05-02","10:13:23.017","TRADE","22.130","260","5753.8","","","","","22.13","","","Si"
"WOW","2016-05-02","10:13:24.204","TRADE","22.120","110","2433.2","","","","","22.12","","","Si"
"WOW","2016-05-02","10:13:24.204","TRADE","22.120","50","1106","","","","","22.12","","","Si"
"WOW","2016-05-02","10:13:24.204","TRADE","22.120","82","1813.84","","","","","22.12","","","Si"
"WOW","2016-05-02","10:13:24.204","TRADE","22.120","142","3141.04","","","","","22.12","","","Si"
"WOW","2016-05-02","10:13:24.204","TRADE","22.120","479","10595.48","","","","","22.12","","","Si"
"WOW","2016-05-02","10:13:24.204","TRADE","22.120","220","4866.4","","","","","22.12","","","Si"
"WOW","2016-05-02","10:13:25.249","TRADE","22.120","243","5375.16","","","","","22.12","","","Bi"
"WOW","2016-05-02","10:13:25.249","TRADE","22.120","113","2499.56","","","","","22.12","","","Bi"
"WOW","2016-05-02","10:13:29.553","TRADE","22.110","25","552.75","","","","","22.11","","","Si"
"WOW","2016-05-02","10:13:30.059","TRADE","22.120","3","66.36","","","","","22.12","","","XT Bi"
"WOW","2016-05-02","10:13:30.074","TRADE","22.110","6","132.66","","","","","22.11","","","Si"
"WOW","2016-05-02","10:13:33.675","TRADE","22.110","2762","61067.82","","","","","22.11","","","XT Si"
"WOW","2016-05-02","10:13:33.676","TRADE","22.110","950","21004.5","","","","","22.11","","","Si"
"WOW","2016-05-02","10:13:33.676","TRADE","22.110","16","353.76","","","","","22.11","","","Si"
"WOW","2016-05-02","10:13:33.676","TRADE","22.110","355","7849.05","","","","","22.11","","","Si"
"WOW","2016-05-02","10:13:33.676","TRADE","22.110","361","7981.71","","","","","22.11","","","Si"
"WOW","2016-05-02","10:13:33.676","TRADE","22.110","73","1614.03","","","","","22.11","","","Si"
"WOW","2016-05-02","10:13:33.676","TRADE","22.110","1695","37476.45","","","","","22.11","","","Si"
"WOW","2016-05-02","10:13:33.686","TRADE","22.100","1","22.1","","","","","22.1","","","Si"
"WOW","2016-05-02","10:13:33.705","TRADE","22.100","95","2099.5","","","","","22.1","","","Si"
"WOW","2016-05-02","10:13:33.707","TRADE","22.100","5","110.5","","","","","22.1","","","Si"
"WOW","2016-05-02","10:13:33.745","TRADE","22.110","647","14305.17","","","","","22.11","","","Si"
"WOW","2016-05-02","10:13:33.745","TRADE","22.110","1000","22110","","","","","22.11","","","Si"
"WOW","2016-05-02","10:13:33.745","TRADE","22.110","354","7826.94","","","","","22.11","","","XT Si"
"WOW","2016-05-02","10:13:33.750","TRADE","22.110","123","2719.53","","","","","22.11","","","Bi"
"WOW","2016-05-02","10:13:33.793","TRADE","22.110","1000","22110","","","","","22.11","","","Si"
"WOW","2016-05-02","10:13:33.794","TRADE","22.110","500","11055","","","","","22.11","","","Si"
"WOW","2016-05-02","10:13:33.794","TRADE","22.110","191","4223.01","","","","","22.11","","","Si"
"WOW","2016-05-02","10:13:33.837","TRADE","22.100","119","2629.9","","","","","22.1","","","Si"
"WOW","2016-05-02","10:13:33.838","TRADE","22.100","113","2497.3","","","","","22.1","","","Bi"
"WOW","2016-05-02","10:13:35.092","TRADE","22.100","270","5967","","","","","22.1","","","Si"
"WOW","2016-05-02","10:13:35.092","TRADE","22.100","227","5016.7","","","","","22.1","","","Si"
"WOW","2016-05-02","10:13:35.092","TRADE","22.100","220","4862","","","","","22.1","","","Si"
"WOW","2016-05-02","10:13:41.198","TRADE","22.090","212","4683.08","","","","","22.09","","","Si"
"WOW","2016-05-02","10:13:41.198","TRADE","22.090","80","1767.2","","","","","22.09","","","Si"
"WOW","2016-05-02","10:13:44.536","TRADE","22.110","46","1017.06","","","","","22.11","","","Bi"
"WOW","2016-05-02","10:13:44.536","TRADE","22.110","38","840.18","","","","","22.11","","","Bi"
"WOW","2016-05-02","10:13:44.537","TRADE","22.110","874","19324.14","","","","","22.11","","","XT Si"
"WOW","2016-05-02","10:13:54.476","TRADE","22.100","121","2674.1","","","","","22.1","","","Bi"
"WOW","2016-05-02","10:13:54.554","TRADE","22.090","136","3004.24","","","","","22.09","","","Si"
"WOW","2016-05-02","10:13:54.554","TRADE","22.090","232","5124.88","","","","","22.09","","","Si"
"WOW","2016-05-02","10:13:54.554","TRADE","22.090","176","3887.84","","","","","22.09","","","Si"
"WOW","2016-05-02","10:13:55.235","TRADE","22.090","122","2694.98","","","","","22.09","","","Bi"
"WOW","2016-05-02","10:13:55.235","TRADE","22.090","120","2650.8","","","","","22.09","","","Bi"
"WOW","2016-05-02","10:13:55.235","TRADE","22.090","889","19638.01","","","","","22.09","","","Bi"
"WOW","2016-05-02","10:13:55.235","TRADE","22.100","78","1723.8","","","","","22.1","","","Bi"
"WOW","2016-05-02","10:13:55.235","TRADE","22.110","121","2675.31","","","","","22.11","","","Bi"
"WOW","2016-05-02","10:13:55.235","TRADE","22.110","220","4864.2","","","","","22.11","","","Bi"
"WOW","2016-05-02","10:13:55.235","TRADE","22.110","30","663.3","","","","","22.11","","","Si"
"WOW","2016-05-02","10:13:55.239","TRADE","22.090","120","2650.8","","","","","22.09","","","Bi"
"WOW","2016-05-02","10:13:55.471","TRADE","22.090","120","2650.8","","","","","22.09","","","Bi"
"WOW","2016-05-02","10:13:56.655","TRADE","22.090","42","927.78","","","","","22.09","","","Si"
"WOW","2016-05-02","10:14:03.913","TRADE","22.090","223","4926.07","","","","","22.09","","","Si"
"WOW","2016-05-02","10:14:03.913","TRADE","22.090","220","4859.8","","","","","22.09","","","XT Si"
"WOW","2016-05-02","10:14:03.913","TRADE","22.090","42","927.78","","","","","22.09","","","Si"
"WOW","2016-05-02","10:14:03.913","TRADE","22.090","310","6847.9","","","","","22.09","","","XT Si"
"WOW","2016-05-02","10:14:03.914","TRADE","22.090","145","3203.05","","","","","22.09","","","Si"
"WOW","2016-05-02","10:14:05.995","TRADE","22.110","122","2697.42","","","","","22.11","","","Bi"
"WOW","2016-05-02","10:14:05.995","TRADE","22.110","441","9750.51","","","","","22.11","","","Bi"
"WOW","2016-05-02","10:14:05.995","TRADE","22.110","27","596.97","","","","","22.11","","","Bi"
"WOW","2016-05-02","10:14:05.995","TRADE","22.110","120","2653.2","","","","","22.11","","","Bi"
"WOW","2016-05-02","10:14:05.995","TRADE","22.110","1626","35950.86","","","","","22.11","","","Si"
"WOW","2016-05-02","10:14:06.501","TRADE","22.100","100","2210","","","","","22.1","","","Bi"
"WOW","2016-05-02","10:14:06.623","TRADE","22.100","136","3005.6","","","","","22.1","","","Si"
"WOW","2016-05-02","10:14:06.623","TRADE","22.100","187","4132.7","","","","","22.1","","","Si"
"WOW","2016-05-02","10:14:06.738","TRADE","22.100","9","198.9","","","","","22.1","","","Si"
"WOW","2016-05-02","10:14:06.749","TRADE","22.100","98","2165.8","","","","","22.1","","","Bi"
"WOW","2016-05-02","10:14:06.751","TRADE","22.100","120","2652","","","","","22.1","","","Si"
"WOW","2016-05-02","10:14:16.652","TRADE","22.110","97","2144.67","","","","","22.11","","","Bi"
"WOW","2016-05-02","10:14:16.652","TRADE","22.110","24","530.64","","","","","22.11","","","Bi"
"WOW","2016-05-02","10:14:16.652","TRADE","22.110","6","132.66","","","","","22.11","","","Bi"
"WOW","2016-05-02","10:14:16.652","TRADE","22.110","1","22.11","","","","","22.11","","","Bi"
"WOW","2016-05-02","10:14:16.652","TRADE","22.110","31","685.41","","","","","22.11","","","Bi"
"WOW","2016-05-02","10:14:16.653","TRADE","22.110","1771","39156.81","","","","","22.11","","","XT Si"
"WOW","2016-05-02","10:14:21.429","TRADE","22.100","100","2210","","","","","22.1","","","Si"
"WOW","2016-05-02","10:14:21.593","TRADE","22.100","7","154.7","","","","","22.1","","","Si"
"WOW","2016-05-02","10:14:21.593","TRADE","22.100","115","2541.5","","","","","22.1","","","Si"
"WOW","2016-05-02","10:14:21.593","TRADE","22.100","257","5679.7","","","","","22.1","","","Si"
"WOW","2016-05-02","10:14:21.593","TRADE","22.100","37","817.7","","","","","22.1","","","Si"
"WOW","2016-05-02","10:14:21.593","TRADE","22.100","147","3248.7","","","","","22.1","","","Si"
"WOW","2016-05-02","10:14:25.798","TRADE","22.100","4","88.4","","","","","22.1","","","Si"
"WOW","2016-05-02","10:14:26.840","TRADE","22.100","130","2873","","","","","22.1","","","Si"
"WOW","2016-05-02","10:14:26.840","TRADE","22.100","256","5657.6","","","","","22.1","","","Si"
"WOW","2016-05-02","10:14:26.854","TRADE","22.100","386","8530.6","","","","","22.1","","","Bi"
"WOW","2016-05-02","10:14:26.854","TRADE","22.100","40","884","","","","","22.1","","","Si"
"WOW","2016-05-02","10:14:29.114","TRADE","22.090","3","66.27","","","","","22.09","","","Si"
"WOW","2016-05-02","10:14:29.114","TRADE","22.090","497","10978.73","","","","","22.09","","","Si"
"WOW","2016-05-02","10:14:30.347","TRADE","22.090","257","5677.13","","","","","22.09","","","Si"
"WOW","2016-05-02","10:14:42.377","TRADE","22.090","133","2937.97","","","","","22.09","","","Si"
"WOW","2016-05-02","10:14:42.377","TRADE","22.090","71","1568.39","","","","","22.09","","","Si"
"WOW","2016-05-02","10:14:42.377","TRADE","22.090","35","773.15","","","","","22.09","","","Si"
"WOW","2016-05-02","10:14:47.011","OFFTR","22.100","18","397.8","","","","","","","","NX XT"
"WOW","2016-05-02","10:14:47.961","TRADE","22.090","33","728.97","","","","","22.09","","","Si"
"WOW","2016-05-02","10:14:56.016","TRADE","22.090","36","795.24","","","","","22.09","","","Si"
"WOW","2016-05-02","10:15:06.365","TRADE","22.090","400","8836","","","","","22.09","","","Si"
"WOW","2016-05-02","10:15:06.365","TRADE","22.090","46","1016.14","","","","","22.09","","","Si"
"WOW","2016-05-02","10:15:06.365","TRADE","22.090","241","5323.69","","","","","22.09","","","Si"
"WOW","2016-05-02","10:15:06.365","TRADE","22.090","29","640.61","","","","","22.09","","","Si"
"WOW","2016-05-02","10:15:06.365","TRADE","22.090","15","331.35","","","","","22.09","","","Si"
"WOW","2016-05-02","10:15:06.365","TRADE","22.090","236","5213.24","","","","","22.09","","","Si"
"WOW","2016-05-02","10:15:06.977","TRADE","22.100","175","3867.5","","","","","22.1","","","Si"
"WOW","2016-05-02","10:15:07.732","TRADE","22.100","11","243.1","","","","","22.1","","","Si"
"WOW","2016-05-02","10:15:07.732","TRADE","22.100","127","2806.7","","","","","22.1","","","Si"
"WOW","2016-05-02","10:15:08.037","TRADE","22.100","27","596.7","","","","","22.1","","","Si"
"WOW","2016-05-02","10:15:09.242","TRADE","22.100","167","3690.7","","","","","22.1","","","Si"
"WOW","2016-05-02","10:15:09.248","TRADE","22.090","722","15948.98","","","","","22.09","","","XT Si"
"WOW","2016-05-02","10:15:09.248","TRADE","22.090","421","9299.89","","","","","22.09","","","Si"
"WOW","2016-05-02","10:15:09.248","TRADE","22.090","220","4859.8","","","","","22.09","","","Si"
"WOW","2016-05-02","10:15:09.248","TRADE","22.090","249","5500.41","","","","","22.09","","","Si"
"WOW","2016-05-02","10:15:09.248","TRADE","22.090","180","3976.2","","","","","22.09","","","Si"
"WOW","2016-05-02","10:15:09.248","TRADE","22.090","129","2849.61","","","","","22.09","","","Si"
"WOW","2016-05-02","10:15:09.383","TRADE","22.080","17","375.36","","","","","22.08","","","Si"
"WOW","2016-05-02","10:15:09.959","TRADE","22.090","82","1811.38","","","","","22.09","","","Si"
"WOW","2016-05-02","10:15:10.157","TRADE","22.090","142","3136.78","","","","","22.09","","","Si"
"WOW","2016-05-02","10:15:10.157","TRADE","22.090","4","88.36","","","","","22.09","","","Si"
"WOW","2016-05-02","10:15:10.157","TRADE","22.090","234","5169.06","","","","","22.09","","","Si"
"WOW","2016-05-02","10:15:10.946","TRADE","22.090","443","9785.87","","","","","22.09","","","Si"
"WOW","2016-05-02","10:15:20.204","TRADE","22.090","269","5942.21","","","","","22.09","","","Bi"
"WOW","2016-05-02","10:15:20.204","TRADE","22.090","53","1170.77","","","","","22.09","","","Bi"
"WOW","2016-05-02","10:15:20.204","TRADE","22.090","103","2275.27","","","","","22.09","","","Bi"
"WOW","2016-05-02","10:15:20.204","TRADE","22.090","120","2650.8","","","","","22.09","","","Bi"
"WOW","2016-05-02","10:15:20.204","TRADE","22.090","220","4859.8","","","","","22.09","","","Bi"
"WOW","2016-05-02","10:15:20.204","TRADE","22.090","33","728.97","","","","","22.09","","","Bi"
"WOW","2016-05-02","10:15:20.205","TRADE","22.090","887","19593.83","","","","","22.09","","","XT Si"
"WOW","2016-05-02","10:15:30.892","TRADE","22.090","1535","33908.15","","","","","22.09","","","XT Si"
"WOW","2016-05-02","10:15:31.710","TRADE","22.080","50","1104","","","","","22.08","","","Si"
"WOW","2016-05-02","10:15:31.714","TRADE","22.080","202","4460.16","","","","","22.08","","","Si"
"WOW","2016-05-02","10:15:31.714","TRADE","22.080","50","1104","","","","","22.08","","","Bi"
"WOW","2016-05-02","10:15:31.842","TRADE","22.080","138","3047.04","","","","","22.08","","","Si"
"WOW","2016-05-02","10:15:31.967","TRADE","22.080","141","3113.28","","","","","22.08","","","Si"
"WOW","2016-05-02","10:15:32.100","TRADE","22.080","181","3996.48","","","","","22.08","","","Bi"
"WOW","2016-05-02","10:15:41.762","TRADE","22.090","33","728.97","","","","","22.09","","","Bi"
"WOW","2016-05-02","10:15:41.762","TRADE","22.090","120","2650.8","","","","","22.09","","","Bi"
"WOW","2016-05-02","10:15:41.762","TRADE","22.090","10","220.9","","","","","22.09","","","Bi"
"WOW","2016-05-02","10:15:41.876","TRADE","22.090","97","2142.73","","","","","22.09","","","Si"
"WOW","2016-05-02","10:15:41.896","TRADE","22.090","453","10006.77","","","","","22.09","","","Si"
"WOW","2016-05-02","10:15:42.081","TRADE","22.090","100","2209","","","","","22.09","","","Si"
"WOW","2016-05-02","10:15:44.711","TRADE","22.090","145","3203.05","","","","","22.09","","","XT Si"
"WOW","2016-05-02","10:15:44.711","TRADE","22.090","168","3711.12","","","","","22.09","","","Si"
"WOW","2016-05-02","10:15:44.711","TRADE","22.090","298","6582.82","","","","","22.09","","","Si"
"WOW","2016-05-02","10:15:46.800","TRADE","22.080","181","3996.48","","","","","22.08","","","Si"
"WOW","2016-05-02","10:15:46.800","TRADE","22.080","234","5166.72","","","","","22.08","","","Si"
"WOW","2016-05-02","10:15:47.319","TRADE","22.070","223","4921.61","","","","","22.07","","","Si"
"WOW","2016-05-02","10:15:47.319","TRADE","22.070","541","11939.87","","","","","22.07","","","Si"
"WOW","2016-05-02","10:15:47.319","TRADE","22.070","250","5517.5","","","","","22.07","","","Si"
"WOW","2016-05-02","10:15:47.319","TRADE","22.070","421","9291.47","","","","","22.07","","","Si"
"WOW","2016-05-02","10:15:47.319","TRADE","22.070","181","3994.67","","","","","22.07","","","Si"
"WOW","2016-05-02","10:15:55.376","TRADE","22.080","22","485.76","","","","","22.08","","","Bi"
"WOW","2016-05-02","10:15:55.376","TRADE","22.080","23","507.84","","","","","22.08","","","Bi"
"WOW","2016-05-02","10:15:55.376","TRADE","22.080","120","2649.6","","","","","22.08","","","Bi"
"WOW","2016-05-02","10:15:55.376","TRADE","22.090","124","2739.16","","","","","22.09","","","Bi"
"WOW","2016-05-02","10:15:55.376","TRADE","22.090","669","14778.21","","","","","22.09","","","Si"
"WOW","2016-05-02","10:15:56.004","TRADE","22.070","110","2427.7","","","","","22.07","","","Si"
"WOW","2016-05-02","10:16:06.022","TRADE","22.080","319","7043.52","","","","","22.08","","","Bi"
"WOW","2016-05-02","10:16:06.022","TRADE","22.080","120","2649.6","","","","","22.08","","","Bi"
"WOW","2016-05-02","10:16:06.022","TRADE","22.080","92","2031.36","","","","","22.08","","","Bi"
"WOW","2016-05-02","10:16:06.022","TRADE","22.080","29","640.32","","","","","22.08","","","Bi"
"WOW","2016-05-02","10:16:06.022","TRADE","22.080","51","1126.08","","","","","22.08","","","Bi"
"WOW","2016-05-02","10:16:06.022","TRADE","22.090","136","3004.24","","","","","22.09","","","Bi"
"WOW","2016-05-02","10:16:06.022","TRADE","22.090","87","1921.83","","","","","22.09","","","Bi"
"WOW","2016-05-02","10:16:06.023","TRADE","22.090","1154","25491.86","","","","","22.09","","","Si"
"WOW","2016-05-02","10:16:06.136","TRADE","22.070","165","3641.55","","","","","22.07","","","Bi"
"WOW","2016-05-02","10:16:06.550","TRADE","22.060","106","2338.36","","","","","22.06","","","XT Si"
"WOW","2016-05-02","10:16:12.328","TRADE","22.070","10","220.7","","","","","22.07","","","Si"
"WOW","2016-05-02","10:16:12.328","TRADE","22.070","203","4480.21","","","","","22.07","","","Bi"
"WOW","2016-05-02","10:16:41.626","TRADE","22.080","500","11040","","","","","22.08","","","Bi"
"WOW","2016-05-02","10:16:41.630","TRADE","22.080","46","1015.68","","","","","22.08","","","Bi"
"WOW","2016-05-02","10:16:48.761","TRADE","22.090","104","2297.36","","","","","22.09","","","Bi"
"WOW","2016-05-02","10:16:48.761","TRADE","22.090","89","1966.01","","","","","22.09","","","Bi"
"WOW","2016-05-02","10:16:48.761","TRADE","22.090","8","176.72","","","","","22.09","","","Bi"
"WOW","2016-05-02","10:16:56.901","TRADE","22.100","59","1303.9","","","","","22.1","","","Bi"
"WOW","2016-05-02","10:16:56.901","TRADE","22.100","200","4420","","","","","22.1","","","Bi"
"WOW","2016-05-02","10:16:56.901","TRADE","22.100","165","3646.5","","","","","22.1","","","Bi"
"WOW","2016-05-02","10:16:56.901","TRADE","22.100","111","2453.1","","","","","22.1","","","Bi"
"WOW","2016-05-02","10:17:16.867","TRADE","22.090","1637","36161.33","","","","","22.09","","","Si"
"WOW","2016-05-02","10:17:16.867","TRADE","22.090","157","3468.13","","","","","22.09","","","XT Si"
"WOW","2016-05-02","10:17:16.867","TRADE","22.090","403","8902.27","","","","","22.09","","","Si"
"WOW","2016-05-02","10:17:16.867","TRADE","22.090","220","4859.8","","","","","22.09","","","Si"
"WOW","2016-05-02","10:17:17.340","TRADE","22.100","207","4574.7","","","","","22.1","","","Bi"
"WOW","2016-05-02","10:17:17.340","TRADE","22.100","262","5790.2","","","","","22.1","","","Si"
"WOW","2016-05-02","10:17:17.340","TRADE","22.100","500","11050","","","","","22.1","","","Si"
"WOW","2016-05-02","10:17:17.340","TRADE","22.100","266","5878.6","","","","","22.1","","","Si"
"WOW","2016-05-02","10:17:24.787","TRADE","22.090","1","22.09","","","","","22.09","","","Si"
"WOW","2016-05-02","10:17:24.787","TRADE","22.090","86","1899.74","","","","","22.09","","","XT Si"
"WOW","2016-05-02","10:17:26.549","TRADE","22.110","31","685.41","","","","","22.11","","","Bi"
"WOW","2016-05-02","10:17:27.475","TRADE","22.110","45","994.95","","","","","22.11","","","Bi"
"WOW","2016-05-02","10:17:28.484","TRADE","22.110","15","331.65","","","","","22.11","","","Bi"
"WOW","2016-05-02","10:17:29.198","TRADE","22.090","53","1170.77","","","","","22.09","","","Si"
"WOW","2016-05-02","10:17:30.529","TRADE","22.090","80","1767.2","","","","","22.09","","","Si"
"WOW","2016-05-02","10:17:48.469","TRADE","22.090","33","728.97","","","","","22.09","","","Si"
"WOW","2016-05-02","10:17:48.469","TRADE","22.090","17","375.53","","","","","22.09","","","Si"
"WOW","2016-05-02","10:17:52.463","TRADE","22.100","149","3292.9","","","","","22.1","","","Si"
"WOW","2016-05-02","10:17:52.463","TRADE","22.100","21","464.1","","","","","22.1","","","Si"
"WOW","2016-05-02","10:17:52.463","TRADE","22.100","2","44.2","","","","","22.1","","","Si"
"WOW","2016-05-02","10:17:52.570","TRADE","22.110","13","287.43","","","","","22.11","","","Bi"
"WOW","2016-05-02","10:17:53.805","TRADE","22.100","180","3978","","","","","22.1","","","Si"
"WOW","2016-05-02","10:17:54.243","TRADE","22.100","75","1657.5","","","","","22.1","","","Si"
"WOW","2016-05-02","10:17:56.859","TRADE","22.110","15","331.65","","","","","22.11","","","Bi"
"WOW","2016-05-02","10:18:02.003","TRADE","22.110","2","44.22","","","","","22.11","","","Bi"
"WOW","2016-05-02","10:18:02.003","TRADE","22.110","1","22.11","","","","","22.11","","","Bi"
"WOW","2016-05-02","10:18:02.088","TRADE","22.100","76","1679.6","","","","","22.1","","","Si"
"WOW","2016-05-02","10:18:02.089","TRADE","22.100","54","1193.4","","","","","22.1","","","Si"
"WOW","2016-05-02","10:18:02.089","TRADE","22.100","52","1149.2","","","","","22.1","","","Si"
"WOW","2016-05-02","10:18:03.002","TRADE","22.110","8","176.88","","","","","22.11","","","Bi"
"WOW","2016-05-02","10:18:03.002","TRADE","22.110","7","154.77","","","","","22.11","","","Bi"
"WOW","2016-05-02","10:18:03.399","TRADE","22.100","40","884","","","","","22.1","","","Si"
"WOW","2016-05-02","10:18:06.815","TRADE","22.100","76","1679.6","","","","","22.1","","","Si"
"WOW","2016-05-02","10:18:07.231","TRADE","22.110","9","198.99","","","","","22.11","","","Bi"
"WOW","2016-05-02","10:18:17.682","TRADE","22.100","245","5414.5","","","","","22.1","","","Si"
"WOW","2016-05-02","10:18:17.682","TRADE","22.100","18","397.8","","","","","22.1","","","Si"
"WOW","2016-05-02","10:18:17.694","TRADE","22.100","669","14784.9","","","","","22.1","","","Bi"
"WOW","2016-05-02","10:18:17.694","TRADE","22.100","868","19182.8","","","","","22.1","","","Bi"
"WOW","2016-05-02","10:18:17.694","TRADE","22.100","117","2585.7","","","","","22.1","","","Bi"
"WOW","2016-05-02","10:18:18.095","TRADE","22.100","151","3337.1","","","","","22.1","","","Si"
"WOW","2016-05-02","10:18:18.525","TRADE","22.100","100","2210","","","","","22.1","","","Si"
"WOW","2016-05-02","10:18:18.525","TRADE","22.100","260","5746","","","","","22.1","","","Si"
"WOW","2016-05-02","10:18:18.536","TRADE","22.100","110","2431","","","","","22.1","","","Bi"
"WOW","2016-05-02","10:18:18.565","TRADE","22.100","609","13458.9","","","","","22.1","","","Bi"
"WOW","2016-05-02","10:18:20.453","TRADE","22.100","1678","37083.8","","","","","22.1","","","Bi"
"WOW","2016-05-02","10:18:20.453","TRADE","22.100","1255","27735.5","","","","","22.1","","","Bi"
"WOW","2016-05-02","10:18:20.453","TRADE","22.100","90","1989","","","","","22.1","","","Bi"
"WOW","2016-05-02","10:18:20.453","TRADE","22.100","120","2652","","","","","22.1","","","Bi"
"WOW","2016-05-02","10:18:20.558","TRADE","22.110","984","21756.24","","","","","22.11","","","Bi"
"WOW","2016-05-02","10:18:20.558","TRADE","22.110","106","2343.66","","","","","22.11","","","Bi"
"WOW","2016-05-02","10:18:20.558","TRADE","22.110","164","3626.04","","","","","22.11","","","Bi"
"WOW","2016-05-02","10:18:20.558","TRADE","22.110","124","2741.64","","","","","22.11","","","Bi"
"WOW","2016-05-02","10:18:20.558","TRADE","22.110","47","1039.17","","","","","22.11","","","Bi"
"WOW","2016-05-02","10:18:20.558","TRADE","22.110","51","1127.61","","","","","22.11","","","Bi"
"WOW","2016-05-02","10:18:20.558","TRADE","22.110","96","2122.56","","","","","22.11","","","Bi"
"WOW","2016-05-02","10:18:20.987","TRADE","22.110","137","3029.07","","","","","22.11","","","Si"
"WOW","2016-05-02","10:18:25.660","TRADE","22.110","210","4643.1","","","","","22.11","","","Si"
"WOW","2016-05-02","10:18:29.082","TRADE","22.110","203","4488.33","","","","","22.11","","","Si"
"WOW","2016-05-02","10:18:29.082","TRADE","22.110","97","2144.67","","","","","22.11","","","Si"
"WOW","2016-05-02","10:18:29.082","TRADE","22.110","510","11276.1","","","","","22.11","","","Si"
"WOW","2016-05-02","10:18:29.082","TRADE","22.110","5","110.55","","","","","22.11","","","Si"
"WOW","2016-05-02","10:18:29.101","TRADE","22.110","195","4311.45","","","","","22.11","","","Bi"
"WOW","2016-05-02","10:18:29.101","TRADE","22.110","170","3758.7","","","","","22.11","","","Bi"
"WOW","2016-05-02","10:18:29.101","TRADE","22.110","188","4156.68","","","","","22.11","","","Si"
"WOW","2016-05-02","10:18:29.764","TRADE","22.110","12","265.32","","","","","22.11","","","Si"
"WOW","2016-05-02","10:18:35.670","TRADE","22.110","214","4731.54","","","","","22.11","","","Si"
"WOW","2016-05-02","10:18:35.670","TRADE","22.110","810","17909.1","","","","","22.11","","","Si"
"WOW","2016-05-02","10:18:35.670","TRADE","22.110","161","3559.71","","","","","22.11","","","Si"
"WOW","2016-05-02","10:18:35.670","TRADE","22.110","15","331.65","","","","","22.11","","","Si"
"WOW","2016-05-02","10:18:35.671","TRADE","22.110","198","4377.78","","","","","22.11","","","Bi"
"WOW","2016-05-02","10:18:38.353","TRADE","22.110","786","17378.46","","","","","22.11","","","Si"
"WOW","2016-05-02","10:18:38.353","TRADE","22.110","239","5284.29","","","","","22.11","","","Si"
"WOW","2016-05-02","10:18:38.377","TRADE","22.110","194","4289.34","","","","","22.11","","","Bi"
"WOW","2016-05-02","10:18:38.481","TRADE","22.100","257","5679.7","","","","","22.1","","","Si"
"WOW","2016-05-02","10:18:46.288","TRADE","22.100","140","3094","","","","","22.1","","","Si"
"WOW","2016-05-02","10:18:46.288","TRADE","22.100","585","12928.5","","","","","22.1","","","Si"
"WOW","2016-05-02","10:18:46.288","TRADE","22.100","220","4862","","","","","22.1","","","Si"
"WOW","2016-05-02","10:19:29.391","TRADE","22.110","28","619.08","","","","","22.11","","","Bi"
"WOW","2016-05-02","10:19:29.391","TRADE","22.110","53","1171.83","","","","","22.11","","","Bi"
"WOW","2016-05-02","10:19:29.391","TRADE","22.110","73","1614.03","","","","","22.11","","","Bi"
"WOW","2016-05-02","10:19:29.391","TRADE","22.110","81","1790.91","","","","","22.11","","","Bi"
"WOW","2016-05-02","10:19:29.498","TRADE","22.110","139","3073.29","","","","","22.11","","","Bi"
"WOW","2016-05-02","10:19:29.498","TRADE","22.110","160","3537.6","","","","","22.11","","","Bi"
"WOW","2016-05-02","10:19:29.498","TRADE","22.110","101","2233.11","","","","","22.11","","","Bi"
"WOW","2016-05-02","10:19:33.338","TRADE","22.110","91","2012.01","","","","","22.11","","","Bi"
"WOW","2016-05-02","10:19:33.338","TRADE","22.110","128","2830.08","","","","","22.11","","","Bi"
"WOW","2016-05-02","10:19:33.338","TRADE","22.110","119","2631.09","","","","","22.11","","","Bi"
"WOW","2016-05-02","10:19:33.338","TRADE","22.110","36","795.96","","","","","22.11","","","Bi"
"WOW","2016-05-02","10:19:43.990","TRADE","22.120","60","1327.2","","","","","22.12","","","Bi"
"WOW","2016-05-02","10:19:43.990","TRADE","22.120","110","2433.2","","","","","22.12","","","Bi"
"WOW","2016-05-02","10:19:43.996","TRADE","22.120","56","1238.72","","","","","22.12","","","Bi"
"WOW","2016-05-02","10:19:43.996","TRADE","22.120","65","1437.8","","","","","22.12","","","Bi"
"WOW","2016-05-02","10:19:43.996","TRADE","22.120","100","2212","","","","","22.12","","","Bi"
"WOW","2016-05-02","10:19:43.996","TRADE","22.120","119","2632.28","","","","","22.12","","","Bi"
"WOW","2016-05-02","10:19:44.097","TRADE","22.120","119","2632.28","","","","","22.12","","","Bi"
"WOW","2016-05-02","10:19:44.098","TRADE","22.120","211","4667.32","","","","","22.12","","","Si"
"WOW","2016-05-02","10:19:52.057","TRADE","22.110","522","11541.42","","","","","22.11","","","Si"
"WOW","2016-05-02","10:19:52.057","TRADE","22.110","143","3161.73","","","","","22.11","","","Si"
"WOW","2016-05-02","10:19:52.057","TRADE","22.110","15","331.65","","","","","22.11","","","Si"
"WOW","2016-05-02","10:19:52.078","TRADE","22.110","121","2675.31","","","","","22.11","","","Bi"
"WOW","2016-05-02","10:19:56.576","TRADE","22.100","13","287.3","","","","","22.1","","","Si"
"WOW","2016-05-02","10:19:56.576","TRADE","22.100","120","2652","","","","","22.1","","","Si"
"WOW","2016-05-02","10:19:56.576","TRADE","22.100","220","4862","","","","","22.1","","","Si"
"WOW","2016-05-02","10:19:56.576","TRADE","22.100","285","6298.5","","","","","22.1","","","Si"
"WOW","2016-05-02","10:19:56.576","TRADE","22.100","275","6077.5","","","","","22.1","","","Si"
"WOW","2016-05-02","10:19:57.106","TRADE","22.090","52","1148.68","","","","","22.09","","","Si"
"WOW","2016-05-02","10:19:57.106","TRADE","22.090","54","1192.86","","","","","22.09","","","Si"
"WOW","2016-05-02","10:20:09.517","TRADE","22.100","106","2342.6","","","","","22.1","","","Bi"
"WOW","2016-05-02","10:20:09.517","TRADE","22.100","220","4862","","","","","22.1","","","Bi"
"WOW","2016-05-02","10:20:09.517","TRADE","22.100","44","972.4","","","","","22.1","","","Bi"
"WOW","2016-05-02","10:20:09.517","TRADE","22.100","119","2629.9","","","","","22.1","","","Bi"
"WOW","2016-05-02","10:20:13.233","TRADE","22.090","205","4528.45","","","","","22.09","","","Si"
"WOW","2016-05-02","10:20:13.233","TRADE","22.080","180","3974.4","","","","","22.08","","","XT Si"
"WOW","2016-05-02","10:20:13.233","TRADE","22.080","357","7882.56","","","","","22.08","","","Si"
"WOW","2016-05-02","10:20:13.233","TRADE","22.080","508","11216.64","","","","","22.08","","","Si"
"WOW","2016-05-02","10:20:13.241","TRADE","22.080","750","16560","","","","","22.08","","","Si"
"WOW","2016-05-02","10:20:15.735","TRADE","22.090","29","640.61","","","","","22.09","","","Si"
"WOW","2016-05-02","10:20:15.735","TRADE","22.090","110","2429.9","","","","","22.09","","","Si"
"WOW","2016-05-02","10:20:20.364","TRADE","22.090","464","10249.76","","","","","22.09","","","Si"
"WOW","2016-05-02","10:20:20.365","TRADE","22.090","397","8769.73","","","","","22.09","","","Si"
"WOW","2016-05-02","10:20:20.365","TRADE","22.090","157","3468.13","","","","","22.09","","","Si"
"WOW","2016-05-02","10:20:20.479","TRADE","22.090","110","2429.9","","","","","22.09","","","Si"
"WOW","2016-05-02","10:20:20.502","TRADE","22.100","343","7580.3","","","","","22.1","","","Bi"
"WOW","2016-05-02","10:20:20.502","TRADE","22.100","250","5525","","","","","22.1","","","Bi"
"WOW","2016-05-02","10:20:20.502","TRADE","22.100","119","2629.9","","","","","22.1","","","Bi"
"WOW","2016-05-02","10:20:20.502","TRADE","22.100","90","1989","","","","","22.1","","","Bi"
"WOW","2016-05-02","10:20:20.502","TRADE","22.100","165","3646.5","","","","","22.1","","","Si"
"WOW","2016-05-02","10:20:20.502","TRADE","22.100","143","3160.3","","","","","22.1","","","Si"
"WOW","2016-05-02","10:20:44.429","TRADE","22.080","304","6712.32","","","","","22.08","","","Si"
"WOW","2016-05-02","10:20:44.429","TRADE","22.080","696","15367.68","","","","","22.08","","","Si"
"WOW","2016-05-02","10:20:44.430","TRADE","22.080","147","3245.76","","","","","22.08","","","Si"
"WOW","2016-05-02","10:20:44.430","TRADE","22.080","407","8986.56","","","","","22.08","","","Si"
"WOW","2016-05-02","10:20:53.395","TRADE","22.100","119","2629.9","","","","","22.1","","","Bi"
"WOW","2016-05-02","10:20:53.395","TRADE","22.100","15","331.5","","","","","22.1","","","Bi"
"WOW","2016-05-02","10:20:53.395","TRADE","22.100","220","4862","","","","","22.1","","","Bi"
"WOW","2016-05-02","10:20:53.395","TRADE","22.100","46","1016.6","","","","","22.1","","","Bi"
"WOW","2016-05-02","10:20:53.395","TRADE","22.100","180","3978","","","","","22.1","","","Bi"
"WOW","2016-05-02","10:20:53.395","TRADE","22.100","82","1812.2","","","","","22.1","","","Si"
"WOW","2016-05-02","10:20:53.832","TRADE","22.100","107","2364.7","","","","","22.1","","","Bi"
"WOW","2016-05-02","10:20:56.382","TRADE","22.100","158","3491.8","","","","","22.1","","","Bi"
"WOW","2016-05-02","10:21:16.871","TRADE","22.090","111","2451.99","","","","","22.09","","","XT Si"
"WOW","2016-05-02","10:21:16.871","TRADE","22.090","220","4859.8","","","","","22.09","","","Si"
"WOW","2016-05-02","10:21:33.864","TRADE","22.090","158","3490.22","","","","","22.09","","","Si"
"WOW","2016-05-02","10:22:06.035","TRADE","22.100","637","14077.7","","","","","22.1","","","XT Bi"
"WOW","2016-05-02","10:22:08.059","TRADE","22.090","131","2893.79","","","","","22.09","","","Si"
"WOW","2016-05-02","10:22:08.364","TRADE","22.090","302","6671.18","","","","","22.09","","","Si"
"WOW","2016-05-02","10:22:08.364","TRADE","22.090","167","3689.03","","","","","22.09","","","Si"
"WOW","2016-05-02","10:22:08.364","TRADE","22.090","15","331.35","","","","","22.09","","","Si"
"WOW","2016-05-02","10:22:08.364","TRADE","22.090","153","3379.77","","","","","22.09","","","Si"
"WOW","2016-05-02","10:22:08.364","TRADE","22.090","149","3291.41","","","","","22.09","","","Si"
"WOW","2016-05-02","10:22:41.412","TRADE","22.100","16","353.6","","","","","22.1","","","Bi"
"WOW","2016-05-02","10:22:42.362","TRADE","22.090","229","5058.61","","","","","22.09","","","XT Bi"
"WOW","2016-05-02","10:22:42.363","TRADE","22.090","119","2628.71","","","","","22.09","","","Bi"
"WOW","2016-05-02","10:22:42.891","TRADE","22.080","103","2274.24","","","","","22.08","","","Si"
"WOW","2016-05-02","10:22:48.512","TRADE","22.090","243","5367.87","","","","","22.09","","","XT Bi"
"WOW","2016-05-02","10:22:48.512","TRADE","22.090","119","2628.71","","","","","22.09","","","Bi"
"WOW","2016-05-02","10:23:13.133","TRADE","22.080","102","2252.16","","","","","22.08","","","Si"
"WOW","2016-05-02","10:23:13.133","TRADE","22.080","55","1214.4","","","","","22.08","","","XT Si"
"WOW","2016-05-02","10:23:16.873","TRADE","22.080","370","8169.6","","","","","22.08","","","Si"
"WOW","2016-05-02","10:23:16.873","TRADE","22.080","110","2428.8","","","","","22.08","","","XT Si"
"WOW","2016-05-02","10:23:16.873","TRADE","22.080","322","7109.76","","","","","22.08","","","Si"
"WOW","2016-05-02","10:23:16.873","TRADE","22.080","3","66.24","","","","","22.08","","","Si"
"WOW","2016-05-02","10:23:16.873","TRADE","22.080","48","1059.84","","","","","22.08","","","Si"
"WOW","2016-05-02","10:23:17.241","TRADE","22.090","303","6693.27","","","","","22.09","","","XT Bi"
"WOW","2016-05-02","10:23:17.241","TRADE","22.090","119","2628.71","","","","","22.09","","","Bi"
"WOW","2016-05-02","10:23:23.448","OFFTR","22.090","18","397.62","","","","","","","","NX XT"
"WOW","2016-05-02","10:23:26.879","TRADE","22.090","35","773.15","","","","","22.09","","","Si"
"WOW","2016-05-02","10:23:26.993","TRADE","22.090","1634","36095.06","","","","","22.09","","","Bi"
"WOW","2016-05-02","10:23:26.993","TRADE","22.090","441","9741.69","","","","","22.09","","","Bi"
"WOW","2016-05-02","10:23:26.993","TRADE","22.090","119","2628.71","","","","","22.09","","","Bi"
"WOW","2016-05-02","10:23:27.854","TRADE","22.100","46","1016.6","","","","","22.1","","","Bi"
"WOW","2016-05-02","10:23:28.004","TRADE","22.090","235","5191.15","","","","","22.09","","","Si"
"WOW","2016-05-02","10:23:28.004","TRADE","22.090","400","8836","","","","","22.09","","","Si"
"WOW","2016-05-02","10:23:28.004","TRADE","22.090","29","640.61","","","","","22.09","","","Si"
"WOW","2016-05-02","10:23:28.004","TRADE","22.090","12","265.08","","","","","22.09","","","Si"
"WOW","2016-05-02","10:23:43.483","TRADE","22.080","1590","35107.2","","","","","22.08","","","Si"
"WOW","2016-05-02","10:23:43.483","TRADE","22.080","2","44.16","","","","","22.08","","","Si"
"WOW","2016-05-02","10:23:43.483","TRADE","22.080","843","18613.44","","","","","22.08","","","Si"
"WOW","2016-05-02","10:23:43.483","TRADE","22.080","5","110.4","","","","","22.08","","","Si"
"WOW","2016-05-02","10:23:43.483","TRADE","22.080","961","21218.88","","","","","22.08","","","Si"
"WOW","2016-05-02","10:23:43.590","TRADE","22.080","400","8832","","","","","22.08","","","Si"
"WOW","2016-05-02","10:23:54.355","TRADE","22.090","6","132.54","","","","","22.09","","","Si"
"WOW","2016-05-02","10:23:54.355","TRADE","22.090","191","4219.19","","","","","22.09","","","Si"
"WOW","2016-05-02","10:23:54.355","TRADE","22.090","442","9763.78","","","","","22.09","","","Bi"
"WOW","2016-05-02","10:23:54.927","TRADE","22.090","101","2231.09","","","","","22.09","","","XT Si"
"WOW","2016-05-02","10:23:59.966","TRADE","22.100","108","2386.8","","","","","22.1","","","Bi"
"WOW","2016-05-02","10:23:59.966","TRADE","22.100","83","1834.3","","","","","22.1","","","Bi"
"WOW","2016-05-02","10:23:59.966","TRADE","22.100","9","198.9","","","","","22.1","","","Bi"
"WOW","2016-05-02","10:23:59.966","TRADE","22.100","145","3204.5","","","","","22.1","","","Bi"
"WOW","2016-05-02","10:24:25.175","TRADE","22.110","520","11497.2","","","","","22.11","","","Bi"
"WOW","2016-05-02","10:24:25.175","TRADE","22.110","1029","22751.19","","","","","22.11","","","Bi"
"WOW","2016-05-02","10:24:25.175","TRADE","22.110","100","2211","","","","","22.11","","","Bi"
"WOW","2016-05-02","10:24:25.175","TRADE","22.110","220","4864.2","","","","","22.11","","","Bi"
"WOW","2016-05-02","10:24:25.175","TRADE","22.110","69","1525.59","","","","","22.11","","","Bi"
"WOW","2016-05-02","10:24:25.175","TRADE","22.110","21","464.31","","","","","22.11","","","Bi"
"WOW","2016-05-02","10:24:25.901","TRADE","22.120","220","4866.4","","","","","22.12","","","Bi"
"WOW","2016-05-02","10:24:25.901","TRADE","22.120","133","2941.96","","","","","22.12","","","XT Bi"
"WOW","2016-05-02","10:24:25.901","TRADE","22.120","250","5530","","","","","22.12","","","Bi"
"WOW","2016-05-02","10:24:25.901","TRADE","22.120","148","3273.76","","","","","22.12","","","Bi"
"WOW","2016-05-02","10:24:25.901","TRADE","22.120","1403","31034.36","","","","","22.12","","","Bi"
"WOW","2016-05-02","10:24:31.151","TRADE","22.120","2597","57445.64","","","","","22.12","","","Bi"
"WOW","2016-05-02","10:24:31.151","TRADE","22.120","77","1703.24","","","","","22.12","","","Bi"
"WOW","2016-05-02","10:24:31.151","TRADE","22.120","119","2632.28","","","","","22.12","","","Bi"
"WOW","2016-05-02","10:24:31.151","TRADE","22.120","16","353.92","","","","","22.12","","","Bi"
"WOW","2016-05-02","10:24:31.151","TRADE","22.120","144","3185.28","","","","","22.12","","","Bi"
"WOW","2016-05-02","10:24:49.094","TRADE","22.130","171","3784.23","","","","","22.13","","","XT Bi"
"WOW","2016-05-02","10:24:49.094","TRADE","22.130","1","22.13","","","","","22.13","","","Bi"
"WOW","2016-05-02","10:24:49.094","TRADE","22.130","110","2434.3","","","","","22.13","","","Bi"
"WOW","2016-05-02","10:24:49.094","TRADE","22.130","14","309.82","","","","","22.13","","","Bi"
"WOW","2016-05-02","10:24:54.647","TRADE","22.120","220","4866.4","","","","","22.12","","","Si"
"WOW","2016-05-02","10:24:54.647","TRADE","22.120","180","3981.6","","","","","22.12","","","Si"
"WOW","2016-05-02","10:24:54.770","TRADE","22.120","24","530.88","","","","","22.12","","","Si"
"WOW","2016-05-02","10:24:56.910","TRADE","22.130","7","154.91","","","","","22.13","","","Bi"
"WOW","2016-05-02","10:24:56.910","TRADE","22.130","10","221.3","","","","","22.13","","","Bi"
"WOW","2016-05-02","10:24:56.911","TRADE","22.130","88","1947.44","","","","","22.13","","","Si"
"WOW","2016-05-02","10:25:02.476","TRADE","22.130","463","10246.19","","","","","22.13","","","Si"
"WOW","2016-05-02","10:25:02.476","TRADE","22.130","1407","31136.91","","","","","22.13","","","Si"
"WOW","2016-05-02","10:25:02.476","TRADE","22.130","112","2478.56","","","","","22.13","","","Si"
"WOW","2016-05-02","10:25:02.476","TRADE","22.130","16","354.08","","","","","22.13","","","Si"
"WOW","2016-05-02","10:25:02.476","TRADE","22.130","113","2500.69","","","","","22.13","","","Si"
"WOW","2016-05-02","10:25:02.477","TRADE","22.130","165","3651.45","","","","","22.13","","","Si"
"WOW","2016-05-02","10:25:02.477","TRADE","22.130","728","16110.64","","","","","22.13","","","Si"
"WOW","2016-05-02","10:25:02.477","TRADE","22.130","152","3363.76","","","","","22.13","","","Si"
"WOW","2016-05-02","10:25:02.531","TRADE","22.130","246","5443.98","","","","","22.13","","","Bi"
"WOW","2016-05-02","10:25:02.531","TRADE","22.130","200","4426","","","","","22.13","","","Si"
"WOW","2016-05-02","10:25:02.531","TRADE","22.130","468","10356.84","","","","","22.13","","","Si"
"WOW","2016-05-02","10:25:03.004","TRADE","22.120","137","3030.44","","","","","22.12","","","XT Si"
"WOW","2016-05-02","10:25:06.932","TRADE","22.120","110","2433.2","","","","","22.12","","","Si"
"WOW","2016-05-02","10:25:06.932","TRADE","22.120","460","10175.2","","","","","22.12","","","Si"
"WOW","2016-05-02","10:25:06.932","TRADE","22.120","220","4866.4","","","","","22.12","","","Si"
"WOW","2016-05-02","10:25:06.932","TRADE","22.120","589","13028.68","","","","","22.12","","","Si"
"WOW","2016-05-02","10:25:06.932","TRADE","22.120","185","4092.2","","","","","22.12","","","Si"
"WOW","2016-05-02","10:25:06.955","TRADE","22.120","145","3207.4","","","","","22.12","","","Bi"
"WOW","2016-05-02","10:25:51.310","TRADE","22.110","1321","29207.31","","","","","22.11","","","Si"
"WOW","2016-05-02","10:25:51.310","TRADE","22.110","133","2940.63","","","","","22.11","","","Si"
"WOW","2016-05-02","10:25:51.310","TRADE","22.110","627","13862.97","","","","","22.11","","","Si"
"WOW","2016-05-02","10:25:51.310","TRADE","22.110","1","22.11","","","","","22.11","","","XT Si"
"WOW","2016-05-02","10:25:51.310","TRADE","22.110","2","44.22","","","","","22.11","","","XT Si"
"WOW","2016-05-02","10:25:51.310","TRADE","22.110","40","884.4","","","","","22.11","","","Si"
"WOW","2016-05-02","10:25:51.310","TRADE","22.110","5","110.55","","","","","22.11","","","XT Si"
"WOW","2016-05-02","10:25:51.310","TRADE","22.110","372","8224.92","","","","","22.11","","","Si"
"WOW","2016-05-02","10:25:51.363","TRADE","22.100","295","6519.5","","","","","22.1","","","Si"
"WOW","2016-05-02","10:25:51.363","TRADE","22.100","372","8221.2","","","","","22.1","","","XT Si"
"WOW","2016-05-02","10:25:51.363","TRADE","22.100","321","7094.1","","","","","22.1","","","Si"
"WOW","2016-05-02","10:25:51.363","TRADE","22.100","2240","49504","","","","","22.1","","","Si"
"WOW","2016-05-02","10:25:51.363","TRADE","22.100","220","4862","","","","","22.1","","","Si"
"WOW","2016-05-02","10:25:51.446","TRADE","22.110","144","3183.84","","","","","22.11","","","Bi"
"WOW","2016-05-02","10:25:51.635","TRADE","22.100","108","2386.8","","","","","22.1","","","Si"
"WOW","2016-05-02","10:26:22.989","TRADE","22.110","2","44.22","","","","","22.11","","","Bi"
"WOW","2016-05-02","10:26:28.056","TRADE","22.100","76","1679.6","","","","","22.1","","","Si"
"WOW","2016-05-02","10:26:28.056","TRADE","22.100","3","66.3","","","","","22.1","","","Si"
"WOW","2016-05-02","10:26:28.056","TRADE","22.100","204","4508.4","","","","","22.1","","","Si"
"WOW","2016-05-02","10:26:28.056","TRADE","22.100","149","3292.9","","","","","22.1","","","Si"
"WOW","2016-05-02","10:26:28.056","TRADE","22.090","220","4859.8","","","","","22.09","","","Si"
"WOW","2016-05-02","10:26:28.056","TRADE","22.090","230","5080.7","","","","","22.09","","","Si"
"WOW","2016-05-02","10:26:28.056","TRADE","22.090","124","2739.16","","","","","22.09","","","Si"
"WOW","2016-05-02","10:26:28.056","TRADE","22.090","125","2761.25","","","","","22.09","","","Si"
"WOW","2016-05-02","10:26:28.072","TRADE","22.090","718","15860.62","","","","","22.09","","","Si"
"WOW","2016-05-02","10:26:28.105","TRADE","22.100","145","3204.5","","","","","22.1","","","XT Si"
"WOW","2016-05-02","10:26:28.584","TRADE","22.090","104","2297.36","","","","","22.09","","","Si"
"WOW","2016-05-02","10:26:29.076","TRADE","22.100","220","4862","","","","","22.1","","","Bi"
"WOW","2016-05-02","10:26:42.913","TRADE","22.100","4","88.4","","","","","22.1","","","Si"
"WOW","2016-05-02","10:26:44.649","TRADE","22.090","180","3976.2","","","","","22.09","","","Si"
"WOW","2016-05-02","10:26:44.649","TRADE","22.090","167","3689.03","","","","","22.09","","","Si"
"WOW","2016-05-02","10:26:44.649","TRADE","22.090","1190","26287.1","","","","","22.09","","","Si"
"WOW","2016-05-02","10:26:44.650","TRADE","22.090","43","949.87","","","","","22.09","","","Bi"
"WOW","2016-05-02","10:26:44.938","TRADE","22.090","119","2628.71","","","","","22.09","","","Bi"
"WOW","2016-05-02","10:26:44.939","TRADE","22.090","42","927.78","","","","","22.09","","","Bi"
"WOW","2016-05-02","10:26:44.939","TRADE","22.090","119","2628.71","","","","","22.09","","","Bi"
"WOW","2016-05-02","10:26:45.266","TRADE","22.090","119","2628.71","","","","","22.09","","","Bi"
"WOW","2016-05-02","10:26:45.266","TRADE","22.090","119","2628.71","","","","","22.09","","","Bi"
"WOW","2016-05-02","10:26:45.664","TRADE","22.090","119","2628.71","","","","","22.09","","","Bi"
"WOW","2016-05-02","10:26:45.665","TRADE","22.090","119","2628.71","","","","","22.09","","","Si"
"WOW","2016-05-02","10:26:52.933","TRADE","22.100","2765","61106.5","","","","","22.1","","","Bi"
"WOW","2016-05-02","10:26:52.933","TRADE","22.100","1231","27205.1","","","","","22.1","","","Bi"
"WOW","2016-05-02","10:26:52.933","TRADE","22.100","35","773.5","","","","","22.1","","","Bi"
"WOW","2016-05-02","10:26:52.933","TRADE","22.100","30","663","","","","","22.1","","","Bi"
"WOW","2016-05-02","10:26:52.933","TRADE","22.100","119","2629.9","","","","","22.1","","","Bi"
"WOW","2016-05-02","10:26:52.933","TRADE","22.100","119","2629.9","","","","","22.1","","","Bi"
"WOW","2016-05-02","10:26:52.933","TRADE","22.100","220","4862","","","","","22.1","","","Bi"
"WOW","2016-05-02","10:27:34.265","TRADE","22.090","357","7886.13","","","","","22.09","","","Si"
"WOW","2016-05-02","10:27:34.265","TRADE","22.090","186","4108.74","","","","","22.09","","","Si"
"WOW","2016-05-02","10:27:34.265","TRADE","22.090","12","265.08","","","","","22.09","","","Si"
"WOW","2016-05-02","10:27:34.265","TRADE","22.090","963","21272.67","","","","","22.09","","","Si"
"WOW","2016-05-02","10:27:34.265","TRADE","22.090","102","2253.18","","","","","22.09","","","Si"
"WOW","2016-05-02","10:27:34.265","TRADE","22.090","16","353.44","","","","","22.09","","","Si"
"WOW","2016-05-02","10:27:34.265","TRADE","22.090","202","4462.18","","","","","22.09","","","Si"
"WOW","2016-05-02","10:28:39.420","TRADE","22.080","86","1898.88","","","","","22.08","","","XT Si"
"WOW","2016-05-02","10:28:39.420","TRADE","22.080","205","4526.4","","","","","22.08","","","Si"
"WOW","2016-05-02","10:28:39.420","TRADE","22.080","238","5255.04","","","","","22.08","","","XT Si"
"WOW","2016-05-02","10:28:39.420","TRADE","22.080","16","353.28","","","","","22.08","","","XT Si"
"WOW","2016-05-02","10:28:39.420","TRADE","22.080","2","44.16","","","","","22.08","","","Si"
"WOW","2016-05-02","10:28:39.420","TRADE","22.080","13","287.04","","","","","22.08","","","Si"
"WOW","2016-05-02","10:28:39.420","TRADE","22.080","5","110.4","","","","","22.08","","","Si"
"WOW","2016-05-02","10:28:39.420","TRADE","22.080","190","4195.2","","","","","22.08","","","Si"
"WOW","2016-05-02","10:28:39.421","TRADE","22.080","87","1920.96","","","","","22.08","","","Bi"
"WOW","2016-05-02","10:28:39.421","TRADE","22.080","24","529.92","","","","","22.08","","","Bi"
"WOW","2016-05-02","10:28:39.548","TRADE","22.080","4","88.32","","","","","22.08","","","Si"
"WOW","2016-05-02","10:28:39.950","TRADE","22.080","103","2274.24","","","","","22.08","","","Si"
"WOW","2016-05-02","10:28:49.617","TRADE","22.080","103","2274.24","","","","","22.08","","","Si"
"WOW","2016-05-02","10:28:49.774","TRADE","22.080","21","463.68","","","","","22.08","","","Si"
"WOW","2016-05-02","10:29:16.872","TRADE","22.080","43","949.44","","","","","22.08","","","Si"
"WOW","2016-05-02","10:29:16.872","TRADE","22.080","431","9516.48","","","","","22.08","","","XT Si"
"WOW","2016-05-02","10:29:16.872","TRADE","22.080","2","44.16","","","","","22.08","","","Si"
"WOW","2016-05-02","10:29:16.872","TRADE","22.080","5","110.4","","","","","22.08","","","Si"
"WOW","2016-05-02","10:29:16.872","TRADE","22.080","12","264.96","","","","","22.08","","","Si"
"WOW","2016-05-02","10:30:02.965","TRADE","22.080","56","1236.48","","","","","22.08","","","Bi"
"WOW","2016-05-02","10:30:02.965","TRADE","22.080","52","1148.16","","","","","22.08","","","Bi"
"WOW","2016-05-02","10:30:02.965","TRADE","22.080","286","6314.88","","","","","22.08","","","Bi"
"WOW","2016-05-02","10:30:04.114","TRADE","22.080","149","3289.92","","","","","22.08","","","Si"
"WOW","2016-05-02","10:30:12.432","TRADE","22.080","96","2119.68","","","","","22.08","","","XT Si"
"WOW","2016-05-02","10:30:12.432","TRADE","22.080","155","3422.4","","","","","22.08","","","Si"
"WOW","2016-05-02","10:30:12.438","TRADE","22.080","12","264.96","","","","","22.08","","","Si"
"WOW","2016-05-02","10:30:12.480","TRADE","22.080","19","419.52","","","","","22.08","","","XT Si"
"WOW","2016-05-02","10:30:12.566","TRADE","22.080","15","331.2","","","","","22.08","","","XT Si"
"WOW","2016-05-02","10:30:24.793","TRADE","22.080","117","2583.36","","","","","22.08","","","Si"
"WOW","2016-05-02","10:30:35.346","TRADE","22.080","118","2605.44","","","","","22.08","","","Si"
"WOW","2016-05-02","10:30:35.346","TRADE","22.080","301","6646.08","","","","","22.08","","","Si"
"WOW","2016-05-02","10:30:35.346","TRADE","22.080","18","397.44","","","","","22.08","","","Si"
"WOW","2016-05-02","10:30:35.346","TRADE","22.080","247","5453.76","","","","","22.08","","","Si"
"WOW","2016-05-02","10:30:35.407","TRADE","22.080","11","242.88","","","","","22.08","","","Si"
"WOW","2016-05-02","10:30:35.472","TRADE","22.080","53","1170.24","","","","","22.08","","","Si"
"WOW","2016-05-02","10:30:35.489","TRADE","22.080","1","22.08","","","","","22.08","","","Si"
"WOW","2016-05-02","10:30:35.510","TRADE","22.080","2","44.16","","","","","22.08","","","Si"
"WOW","2016-05-02","10:30:35.640","TRADE","22.080","244","5387.52","","","","","22.08","","","Si"
"WOW","2016-05-02","10:30:35.640","TRADE","22.080","126","2782.08","","","","","22.08","","","Si"
"WOW","2016-05-02","10:30:35.687","TRADE","22.070","1","22.07","","","","","22.07","","","Si"
"WOW","2016-05-02","10:30:35.687","TRADE","22.070","33","728.31","","","","","22.07","","","Si"
"WOW","2016-05-02","10:30:35.700","OFFTR","22.080","7","154.56","","","","","","","","NX XT"
"WOW","2016-05-02","10:30:35.703","TRADE","22.090","33","728.97","","","","","22.09","","","XT Bi"
"WOW","2016-05-02","10:30:35.705","OFFTR","22.080","21","463.68","","","","","","","","NX XT"
"WOW","2016-05-02","10:30:35.713","TRADE","22.070","10","220.7","","","","","22.07","","","Si"
"WOW","2016-05-02","10:30:36.304","OFFTR","22.080","2","44.16","","","","","","","","NX XT"
"WOW","2016-05-02","10:30:36.914","OFFTR","22.080","1","22.08","","","","","","","","NX XT"
"WOW","2016-05-02","10:31:59.904","TRADE","22.090","64","1413.76","","","","","22.09","","","Bi"
"WOW","2016-05-02","10:31:59.904","TRADE","22.090","157","3468.13","","","","","22.09","","","Bi"
"WOW","2016-05-02","10:31:59.939","TRADE","22.070","28","617.96","","","","","22.07","","","Si"
"WOW","2016-05-02","10:32:09.501","TRADE","22.070","1184","26130.88","","","","","22.07","","","Si"
"WOW","2016-05-02","10:32:09.501","TRADE","22.070","1060","23394.2","","","","","22.07","","","XT Si"
"WOW","2016-05-02","10:32:09.501","TRADE","22.070","3","66.21","","","","","22.07","","","Si"
"WOW","2016-05-02","10:32:09.501","TRADE","22.070","4","88.28","","","","","22.07","","","XT Si"
"WOW","2016-05-02","10:32:09.501","TRADE","22.070","219","4833.33","","","","","22.07","","","Si"
"WOW","2016-05-02","10:32:09.501","TRADE","22.070","220","4855.4","","","","","22.07","","","Si"
"WOW","2016-05-02","10:32:09.516","TRADE","22.070","123","2714.61","","","","","22.07","","","Si"
"WOW","2016-05-02","10:32:09.930","TRADE","22.060","198","4367.88","","","","","22.06","","","Si"
"WOW","2016-05-02","10:32:09.930","TRADE","22.060","45","992.7","","","","","22.06","","","Si"
"WOW","2016-05-02","10:32:10.233","TRADE","22.060","877","19346.62","","","","","22.06","","","Si"
"WOW","2016-05-02","10:32:10.233","TRADE","22.060","891","19655.46","","","","","22.06","","","Si"
"WOW","2016-05-02","10:32:10.233","TRADE","22.060","1","22.06","","","","","22.06","","","Si"
"WOW","2016-05-02","10:32:10.233","TRADE","22.060","219","4831.14","","","","","22.06","","","Si"
"WOW","2016-05-02","10:32:10.233","TRADE","22.060","154","3397.24","","","","","22.06","","","Si"
"WOW","2016-05-02","10:32:10.233","TRADE","22.060","244","5382.64","","","","","22.06","","","Si"
"WOW","2016-05-02","10:32:10.233","TRADE","22.060","244","5382.64","","","","","22.06","","","Si"
"WOW","2016-05-02","10:32:10.233","TRADE","22.060","143","3154.58","","","","","22.06","","","Si"
"WOW","2016-05-02","10:32:10.482","TRADE","22.060","74","1632.44","","","","","22.06","","","XT Si"
"WOW","2016-05-02","10:32:10.562","TRADE","22.060","226","4985.56","","","","","22.06","","","XT Si"
"WOW","2016-05-02","10:32:10.578","TRADE","22.060","200","4412","","","","","22.06","","","Si"
"WOW","2016-05-02","10:32:11.649","TRADE","22.060","385","8493.1","","","","","22.06","","","Si"
"WOW","2016-05-02","10:32:15.630","TRADE","22.060","8","176.48","","","","","22.06","","","Si"
"WOW","2016-05-02","10:32:15.630","TRADE","22.060","135","2978.1","","","","","22.06","","","Si"
"WOW","2016-05-02","10:32:15.687","TRADE","22.060","56","1235.36","","","","","22.06","","","XT Si"
"WOW","2016-05-02","10:32:16.413","TRADE","22.060","64","1411.84","","","","","22.06","","","Si"
"WOW","2016-05-02","10:32:18.450","TRADE","22.060","220","4853.2","","","","","22.06","","","Si"
"WOW","2016-05-02","10:32:18.450","TRADE","22.060","30","661.8","","","","","22.06","","","Si"
"WOW","2016-05-02","10:32:20.423","TRADE","22.060","36","794.16","","","","","22.06","","","Bi"
"WOW","2016-05-02","10:32:20.423","TRADE","22.060","29","639.74","","","","","22.06","","","Bi"
"WOW","2016-05-02","10:32:20.442","TRADE","22.060","3","66.18","","","","","22.06","","","Bi"
"WOW","2016-05-02","10:32:25.774","OFFTR","22.060","18","397.08","","","","","","","","NX XT"
"WOW","2016-05-02","10:32:50.106","TRADE","22.060","280","6176.8","","","","","22.06","","","Si"
"WOW","2016-05-02","10:32:50.106","TRADE","22.060","155","3419.3","","","","","22.06","","","Si"
"WOW","2016-05-02","10:32:50.106","TRADE","22.060","160","3529.6","","","","","22.06","","","Si"
"WOW","2016-05-02","10:32:50.124","TRADE","22.060","485","10699.1","","","","","22.06","","","Bi"
"WOW","2016-05-02","10:32:50.187","TRADE","22.050","20","441","","","","","22.05","","","Si"
"WOW","2016-05-02","10:32:50.187","TRADE","22.050","14","308.7","","","","","22.05","","","Si"
"WOW","2016-05-02","10:32:50.226","TRADE","22.050","46","1014.3","","","","","22.05","","","Si"
"WOW","2016-05-02","10:32:50.226","TRADE","22.050","33","727.65","","","","","22.05","","","Si"
"WOW","2016-05-02","10:32:50.455","TRADE","22.060","113","2492.78","","","","","22.06","","","XT Bi"
"WOW","2016-05-02","10:32:50.650","TRADE","22.050","109","2403.45","","","","","22.05","","","Si"
"WOW","2016-05-02","10:32:56.963","TRADE","22.060","691","15243.46","","","","","22.06","","","Bi"
"WOW","2016-05-02","10:32:56.963","TRADE","22.060","116","2558.96","","","","","22.06","","","Bi"
"WOW","2016-05-02","10:32:56.963","TRADE","22.060","278","6132.68","","","","","22.06","","","Bi"
"WOW","2016-05-02","10:33:39.641","TRADE","22.060","358","7897.48","","","","","22.06","","","Si"
"WOW","2016-05-02","10:33:39.641","TRADE","22.060","215","4742.9","","","","","22.06","","","Si"
"WOW","2016-05-02","10:33:39.641","TRADE","22.060","18","397.08","","","","","22.06","","","Si"
"WOW","2016-05-02","10:33:39.684","TRADE","22.050","353","7783.65","","","","","22.05","","","Si"
"WOW","2016-05-02","10:33:39.684","TRADE","22.050","1544","34045.2","","","","","22.05","","","XT Si"
"WOW","2016-05-02","10:33:39.684","TRADE","22.050","34","749.7","","","","","22.05","","","Si"
"WOW","2016-05-02","10:33:39.684","TRADE","22.050","2","44.1","","","","","22.05","","","Si"
"WOW","2016-05-02","10:33:39.684","TRADE","22.050","2","44.1","","","","","22.05","","","Si"
"WOW","2016-05-02","10:33:39.684","TRADE","22.050","1224","26989.2","","","","","22.05","","","Si"
"WOW","2016-05-02","10:33:39.684","TRADE","22.050","220","4851","","","","","22.05","","","Si"
"WOW","2016-05-02","10:33:39.684","TRADE","22.050","108","2381.4","","","","","22.05","","","Si"
"WOW","2016-05-02","10:33:39.830","OFFTR","22.050","1","22.05","","","","","","","","NX XT"
"WOW","2016-05-02","10:33:55.332","TRADE","22.050","72","1587.6","","","","","22.05","","","Si"
"WOW","2016-05-02","10:33:57.105","TRADE","22.050","296","6526.8","","","","","22.05","","","Si"
"WOW","2016-05-02","10:33:57.105","TRADE","22.050","1163","25644.15","","","","","22.05","","","Si"
"WOW","2016-05-02","10:33:57.105","TRADE","22.040","260","5730.4","","","","","22.04","","","Si"
"WOW","2016-05-02","10:33:57.105","TRADE","22.040","90","1983.6","","","","","22.04","","","Si"
"WOW","2016-05-02","10:34:00.735","TRADE","22.060","177","3904.62","","","","","22.06","","","Bi"
"WOW","2016-05-02","10:34:00.735","TRADE","22.060","244","5382.64","","","","","22.06","","","Bi"
"WOW","2016-05-02","10:34:00.735","TRADE","22.060","65","1433.9","","","","","22.06","","","Bi"
"WOW","2016-05-02","10:34:00.735","TRADE","22.060","71","1566.26","","","","","22.06","","","Bi"
"WOW","2016-05-02","10:34:07.555","TRADE","22.060","26","573.56","","","","","22.06","","","XT Bi"
"WOW","2016-05-02","10:34:07.555","TRADE","22.060","27","595.62","","","","","22.06","","","Bi"
"WOW","2016-05-02","10:34:07.556","TRADE","22.060","61","1345.66","","","","","22.06","","","Bi"
"WOW","2016-05-02","10:34:07.556","TRADE","22.060","52","1147.12","","","","","22.06","","","Bi"
"WOW","2016-05-02","10:34:07.556","TRADE","22.060","194","4279.64","","","","","22.06","","","Bi"
"WOW","2016-05-02","10:35:23.016","OFFTR","22.065","162","3574.53","","","","","","","","BP XT"
"WOW","2016-05-02","10:35:23.331","TRADE","22.060","6","132.36","","","","","22.06","","","Si"
"WOW","2016-05-02","10:35:23.331","TRADE","22.060","15","330.9","","","","","22.06","","","Si"
"WOW","2016-05-02","10:35:23.331","TRADE","22.060","70","1544.2","","","","","22.06","","","Si"
"WOW","2016-05-02","10:35:23.332","TRADE","22.060","1474","32516.44","","","","","22.06","","","Si"
"WOW","2016-05-02","10:35:23.332","TRADE","22.060","49","1080.94","","","","","22.06","","","Si"
"WOW","2016-05-02","10:35:27.748","TRADE","22.070","115","2538.05","","","","","22.07","","","Bi"
"WOW","2016-05-02","10:35:27.748","TRADE","22.070","244","5385.08","","","","","22.07","","","Bi"
"WOW","2016-05-02","10:35:27.748","TRADE","22.070","141","3111.87","","","","","22.07","","","Bi"
"WOW","2016-05-02","10:35:43.141","TRADE","22.050","18","396.9","","","","","22.05","","","Si"
"WOW","2016-05-02","10:35:50.228","TRADE","22.050","354","7805.7","","","","","22.05","","","Si"
"WOW","2016-05-02","10:35:50.228","TRADE","22.050","87","1918.35","","","","","22.05","","","Si"
"WOW","2016-05-02","10:35:56.629","TRADE","22.050","235","5181.75","","","","","22.05","","","Si"
"WOW","2016-05-02","10:35:56.629","TRADE","22.050","5","110.25","","","","","22.05","","","Si"
"WOW","2016-05-02","10:35:56.629","TRADE","22.050","160","3528","","","","","22.05","","","Si"
"WOW","2016-05-02","10:35:56.629","TRADE","22.050","157","3461.85","","","","","22.05","","","Si"
"WOW","2016-05-02","10:35:56.629","TRADE","22.050","4","88.2","","","","","22.05","","","Si"
"WOW","2016-05-02","10:35:56.629","TRADE","22.050","11","242.55","","","","","22.05","","","Si"
"WOW","2016-05-02","10:35:56.629","TRADE","22.050","38","837.9","","","","","22.05","","","Si"
"WOW","2016-05-02","10:35:56.629","TRADE","22.050","166","3660.3","","","","","22.05","","","Si"
"WOW","2016-05-02","10:35:57.178","TRADE","22.050","103","2271.15","","","","","22.05","","","Si"
"WOW","2016-05-02","10:35:57.977","TRADE","22.050","218","4806.9","","","","","22.05","","","Si"
"WOW","2016-05-02","10:35:57.977","TRADE","22.050","2","44.1","","","","","22.05","","","Si"
"WOW","2016-05-02","10:35:57.977","TRADE","22.050","2","44.1","","","","","22.05","","","Si"
"WOW","2016-05-02","10:35:57.977","TRADE","22.050","12","264.6","","","","","22.05","","","Si"
"WOW","2016-05-02","10:35:57.977","TRADE","22.050","399","8797.95","","","","","22.05","","","Si"
"WOW","2016-05-02","10:35:57.977","TRADE","22.050","158","3483.9","","","","","22.05","","","Si"
"WOW","2016-05-02","10:35:57.993","TRADE","22.050","747","16471.35","","","","","22.05","","","Bi"
"WOW","2016-05-02","10:36:07.096","TRADE","22.040","171","3768.84","","","","","22.04","","","Si"
"WOW","2016-05-02","10:36:14.272","TRADE","22.040","2771","61072.84","","","","","22.04","","","XT Si"
"WOW","2016-05-02","10:36:14.273","TRADE","22.040","1348","29709.92","","","","","22.04","","","Si"
"WOW","2016-05-02","10:36:14.273","TRADE","22.040","220","4848.8","","","","","22.04","","","Si"
"WOW","2016-05-02","10:36:14.273","TRADE","22.040","906","19968.24","","","","","22.04","","","Si"
"WOW","2016-05-02","10:36:14.273","TRADE","22.040","46","1013.84","","","","","22.04","","","Si"
"WOW","2016-05-02","10:36:14.273","TRADE","22.040","4","88.16","","","","","22.04","","","Si"
"WOW","2016-05-02","10:36:14.273","TRADE","22.040","221","4870.84","","","","","22.04","","","Si"
"WOW","2016-05-02","10:36:14.273","TRADE","22.040","1707","37622.28","","","","","22.04","","","Si"
"WOW","2016-05-02","10:36:14.273","TRADE","22.040","1339","29511.56","","","","","22.04","","","Si"
"WOW","2016-05-02","10:36:14.273","TRADE","22.040","35","771.4","","","","","22.04","","","Si"
"WOW","2016-05-02","10:36:14.273","TRADE","22.040","180","3967.2","","","","","22.04","","","Si"
"WOW","2016-05-02","10:36:14.273","TRADE","22.040","290","6391.6","","","","","22.04","","","Si"
"WOW","2016-05-02","10:36:14.326","OFFTR","22.035","5","110.175","","","","","","","","NX XT"
"WOW","2016-05-02","10:36:14.345","TRADE","22.030","105","2313.15","","","","","22.03","","","Si"
"WOW","2016-05-02","10:36:14.922","OFFTR","22.035","1","22.035","","","","","","","","NX XT"
"WOW","2016-05-02","10:36:17.254","TRADE","22.030","258","5683.74","","","","","22.03","","","Si"
"WOW","2016-05-02","10:36:17.254","TRADE","22.030","1","22.03","","","","","22.03","","","XT Si"
"WOW","2016-05-02","10:36:17.254","TRADE","22.030","3","66.09","","","","","22.03","","","Si"
"WOW","2016-05-02","10:36:17.254","TRADE","22.030","988","21765.64","","","","","22.03","","","Si"
"WOW","2016-05-02","10:36:17.254","TRADE","22.030","41","903.23","","","","","22.03","","","Si"
"WOW","2016-05-02","10:36:17.254","TRADE","22.030","396","8723.88","","","","","22.03","","","Si"
"WOW","2016-05-02","10:36:17.254","TRADE","22.030","5","110.15","","","","","22.03","","","Si"
"WOW","2016-05-02","10:36:17.404","TRADE","22.030","98","2158.94","","","","","22.03","","","Si"
"WOW","2016-05-02","10:36:24.946","TRADE","22.040","148","3261.92","","","","","22.04","","","Bi"
"WOW","2016-05-02","10:36:24.946","TRADE","22.040","31","683.24","","","","","22.04","","","Bi"
"WOW","2016-05-02","10:36:24.946","TRADE","22.040","56","1234.24","","","","","22.04","","","Bi"
"WOW","2016-05-02","10:36:25.037","TRADE","22.050","7597","167513.85","","","","","22.05","","","Bi"
"WOW","2016-05-02","10:36:25.037","TRADE","22.050","283","6240.15","","","","","22.05","","","Bi"
"WOW","2016-05-02","10:36:25.037","TRADE","22.050","145","3197.25","","","","","22.05","","","Bi"
"WOW","2016-05-02","10:36:25.037","TRADE","22.050","560","12348","","","","","22.05","","","Bi"
"WOW","2016-05-02","10:36:25.038","TRADE","22.050","1156","25489.8","","","","","22.05","","","Bi"
"WOW","2016-05-02","10:36:25.038","TRADE","22.050","186","4101.3","","","","","22.05","","","Bi"
"WOW","2016-05-02","10:36:25.038","TRADE","22.050","2341","51619.05","","","","","22.05","","","Bi"
"WOW","2016-05-02","10:36:25.038","TRADE","22.050","219","4828.95","","","","","22.05","","","Bi"
"WOW","2016-05-02","10:36:25.038","TRADE","22.050","52","1146.6","","","","","22.05","","","Bi"
"WOW","2016-05-02","10:36:25.038","TRADE","22.050","80","1764","","","","","22.05","","","Bi"
"WOW","2016-05-02","10:36:25.038","TRADE","22.050","102","2249.1","","","","","22.05","","","Bi"
"WOW","2016-05-02","10:36:25.038","TRADE","22.050","164","3616.2","","","","","22.05","","","Bi"
"WOW","2016-05-02","10:36:25.038","TRADE","22.050","156","3439.8","","","","","22.05","","","Bi"
"WOW","2016-05-02","10:36:25.038","TRADE","22.050","170","3748.5","","","","","22.05","","","Bi"
"WOW","2016-05-02","10:37:24.601","TRADE","22.060","131","2889.86","","","","","22.06","","","Bi"
"WOW","2016-05-02","10:37:24.601","TRADE","22.060","54","1191.24","","","","","22.06","","","Bi"
"WOW","2016-05-02","10:37:24.601","TRADE","22.060","244","5382.64","","","","","22.06","","","Bi"
"WOW","2016-05-02","10:37:24.601","TRADE","22.060","244","5382.64","","","","","22.06","","","Bi"
"WOW","2016-05-02","10:37:24.601","TRADE","22.060","1445","31876.7","","","","","22.06","","","Bi"
"WOW","2016-05-02","10:37:24.601","TRADE","22.060","46","1014.76","","","","","22.06","","","Bi"
"WOW","2016-05-02","10:37:24.601","TRADE","22.060","146","3220.76","","","","","22.06","","","Bi"
"WOW","2016-05-02","10:37:24.601","TRADE","22.060","53","1169.18","","","","","22.06","","","Bi"
"WOW","2016-05-02","10:37:24.601","TRADE","22.060","12","264.72","","","","","22.06","","","Bi"
"WOW","2016-05-02","10:37:24.601","TRADE","22.060","119","2625.14","","","","","22.06","","","Bi"
"WOW","2016-05-02","10:37:24.601","TRADE","22.060","155","3419.3","","","","","22.06","","","Bi"
"WOW","2016-05-02","10:37:46.039","OFFTR","22.060","186","4103.16","","","","","","","","BP XT"
"WOW","2016-05-02","10:37:50.288","TRADE","22.060","253","5581.18","","","","","22.06","","","CX"
"WOW","2016-05-02","10:37:54.842","OFFTR","22.060","3","66.18","","","","","","","","NX XT"
"WOW","2016-05-02","10:37:54.974","OFFTR","22.065","5","110.325","","","","","","","","BP XT"
"WOW","2016-05-02","10:38:06.271","TRADE","22.065","55","1213.575","","","","","22.065","","","Bi"
"WOW","2016-05-02","10:38:16.156","TRADE","22.065","59","1301.835","","","","","22.065","","","Bi"
"WOW","2016-05-02","10:38:16.156","TRADE","22.070","1000","22070","","","","","22.07","","","Bi"
"WOW","2016-05-02","10:38:16.156","TRADE","22.070","365","8055.55","","","","","22.07","","","Bi"
"WOW","2016-05-02","10:38:16.156","TRADE","22.070","982","21672.74","","","","","22.07","","","Bi"
"WOW","2016-05-02","10:38:16.156","TRADE","22.070","157","3464.99","","","","","22.07","","","Bi"
"WOW","2016-05-02","10:38:16.156","TRADE","22.070","103","2273.21","","","","","22.07","","","Bi"
"WOW","2016-05-02","10:38:33.169","TRADE","22.080","2767","61095.36","","","","","22.08","","","Bi"
"WOW","2016-05-02","10:38:33.170","TRADE","22.080","233","5144.64","","","","","22.08","","","Bi"
"WOW","2016-05-02","10:38:33.170","TRADE","22.080","161","3554.88","","","","","22.08","","","Bi"
"WOW","2016-05-02","10:38:33.170","TRADE","22.080","5","110.4","","","","","22.08","","","Bi"
"WOW","2016-05-02","10:38:33.784","TRADE","22.090","124","2739.16","","","","","22.09","","","Bi"
"WOW","2016-05-02","10:38:33.784","TRADE","22.090","35","773.15","","","","","22.09","","","Bi"
"WOW","2016-05-02","10:38:34.790","TRADE","22.100","248","5480.8","","","","","22.1","","","Bi"
"WOW","2016-05-02","10:38:37.834","TRADE","22.100","238","5259.8","","","","","22.1","","","Bi"
"WOW","2016-05-02","10:38:38.381","TRADE","22.090","12","265.08","","","","","22.09","","","Si"
"WOW","2016-05-02","10:38:38.381","TRADE","22.090","89","1966.01","","","","","22.09","","","Si"
"WOW","2016-05-02","10:38:41.705","TRADE","22.100","225","4972.5","","","","","22.1","","","Bi"
"WOW","2016-05-02","10:39:23.715","TRADE","22.090","97","2142.73","","","","","22.09","","","Si"
"WOW","2016-05-02","10:39:28.006","TRADE","22.100","2","44.2","","","","","22.1","","","Bi"
"WOW","2016-05-02","10:39:34.046","TRADE","22.100","189","4176.9","","","","","22.1","","","Bi"
"WOW","2016-05-02","10:39:36.614","TRADE","22.100","195","4309.5","","","","","22.1","","","Bi"
"WOW","2016-05-02","10:39:46.297","TRADE","22.100","90","1989","","","","","22.1","","","Bi"
"WOW","2016-05-02","10:39:54.327","TRADE","22.100","2765","61106.5","","","","","22.1","","","Bi"
"WOW","2016-05-02","10:39:54.328","TRADE","22.100","48","1060.8","","","","","22.1","","","Bi"
"WOW","2016-05-02","10:39:54.328","TRADE","22.100","19","419.9","","","","","22.1","","","Bi"
"WOW","2016-05-02","10:39:54.328","TRADE","22.100","219","4839.9","","","","","22.1","","","Bi"
"WOW","2016-05-02","10:39:54.328","TRADE","22.100","80","1768","","","","","22.1","","","Bi"
"WOW","2016-05-02","10:39:54.328","TRADE","22.100","400","8840","","","","","22.1","","","Bi"
"WOW","2016-05-02","10:39:54.354","TRADE","22.100","1","22.1","","","","","22.1","","","XT Si"
"WOW","2016-05-02","10:39:54.835","TRADE","22.110","495","10944.45","","","","","22.11","","","XT Bi"
"WOW","2016-05-02","10:39:54.980","TRADE","22.105","10","221.05","","","","","22.105","","","Bi"
"WOW","2016-05-02","10:39:54.980","TRADE","22.110","92","2034.12","","","","","22.11","","","XT Bi"
"WOW","2016-05-02","10:39:54.980","TRADE","22.110","79","1746.69","","","","","22.11","","","XT Bi"
"WOW","2016-05-02","10:39:55.067","TRADE","22.110","140","3095.4","","","","","22.11","","","Bi"
"WOW","2016-05-02","10:39:55.067","TRADE","22.110","99","2188.89","","","","","22.11","","","XT Bi"
"WOW","2016-05-02","10:39:55.067","TRADE","22.110","77","1702.47","","","","","22.11","","","Bi"
"WOW","2016-05-02","10:39:55.067","TRADE","22.110","1306","28875.66","","","","","22.11","","","Bi"
"WOW","2016-05-02","10:39:55.067","TRADE","22.110","30","663.3","","","","","22.11","","","Bi"
"WOW","2016-05-02","10:39:55.067","TRADE","22.110","164","3626.04","","","","","22.11","","","Bi"
"WOW","2016-05-02","10:39:55.067","TRADE","22.110","171","3780.81","","","","","22.11","","","XT Bi"
"WOW","2016-05-02","10:39:55.907","TRADE","22.110","104","2299.44","","","","","22.11","","","Bi"
"WOW","2016-05-02","10:39:55.907","TRADE","22.110","398","8799.78","","","","","22.11","","","Bi"
"WOW","2016-05-02","10:39:55.907","TRADE","22.110","43","950.73","","","","","22.11","","","Bi"
"WOW","2016-05-02","10:39:55.916","TRADE","22.110","3","66.33","","","","","22.11","","","Bi"
"WOW","2016-05-02","10:39:57.922","TRADE","22.120","463","10241.56","","","","","22.12","","","Bi"
"WOW","2016-05-02","10:39:58.889","TRADE","22.120","317","7012.04","","","","","22.12","","","Bi"
"WOW","2016-05-02","10:40:00.880","TRADE","22.120","25","553","","","","","22.12","","","XT Bi"
"WOW","2016-05-02","10:40:00.880","TRADE","22.120","26","575.12","","","","","22.12","","","XT Bi"
"WOW","2016-05-02","10:40:00.880","TRADE","22.120","36","796.32","","","","","22.12","","","Bi"
"WOW","2016-05-02","10:40:00.880","TRADE","22.120","92","2035.04","","","","","22.12","","","Bi"
"WOW","2016-05-02","10:40:00.880","TRADE","22.120","16","353.92","","","","","22.12","","","Bi"
"WOW","2016-05-02","10:40:00.880","TRADE","22.120","58","1282.96","","","","","22.12","","","Bi"
"WOW","2016-05-02","10:40:02.640","TRADE","22.120","50","1106","","","","","22.12","","","Bi"
"WOW","2016-05-02","10:40:02.640","TRADE","22.120","3","66.36","","","","","22.12","","","Bi"
"WOW","2016-05-02","10:40:02.640","TRADE","22.120","3","66.36","","","","","22.12","","","Bi"
"WOW","2016-05-02","10:40:03.949","TRADE","22.130","220","4868.6","","","","","22.13","","","Bi"
"WOW","2016-05-02","10:40:03.949","TRADE","22.130","21","464.73","","","","","22.13","","","XT Bi"
"WOW","2016-05-02","10:40:13.353","TRADE","22.130","15","331.95","","","","","22.13","","","Bi"
"WOW","2016-05-02","10:40:13.831","TRADE","22.120","80","1769.6","","","","","22.12","","","Si"
"WOW","2016-05-02","10:40:13.989","TRADE","22.120","9","199.08","","","","","22.12","","","Si"
"WOW","2016-05-02","10:40:15.010","TRADE","22.125","38","840.75","","","","","22.125","","","Bi"
"WOW","2016-05-02","10:40:15.010","TRADE","22.130","175","3872.75","","","","","22.13","","","XT Bi"
"WOW","2016-05-02","10:40:15.633","TRADE","22.125","4","88.5","","","","","22.125","","","Bi"
"WOW","2016-05-02","10:40:15.633","TRADE","22.130","8","177.04","","","","","22.13","","","Bi"
"WOW","2016-05-02","10:40:15.633","TRADE","22.130","101","2235.13","","","","","22.13","","","Bi"
"WOW","2016-05-02","10:40:15.633","TRADE","22.130","1055","23347.15","","","","","22.13","","","Bi"
"WOW","2016-05-02","10:40:15.633","TRADE","22.130","116","2567.08","","","","","22.13","","","Bi"
"WOW","2016-05-02","10:40:15.633","TRADE","22.130","192","4248.96","","","","","22.13","","","Bi"
"WOW","2016-05-02","10:40:15.633","TRADE","22.130","14","309.82","","","","","22.13","","","Bi"
"WOW","2016-05-02","10:40:15.675","TRADE","22.130","4","88.52","","","","","22.13","","","Bi"
"WOW","2016-05-02","10:40:15.864","TRADE","22.130","197","4359.61","","","","","22.13","","","Bi"
"WOW","2016-05-02","10:40:15.876","TRADE","22.130","71","1571.23","","","","","22.13","","","Bi"
"WOW","2016-05-02","10:40:16.153","TRADE","22.125","106","2345.25","","","","","22.125","","","Si"
"WOW","2016-05-02","10:40:16.697","TRADE","22.130","3","66.39","","","","","22.13","","","Bi"
"WOW","2016-05-02","10:40:17.508","TRADE","22.120","2","44.24","","","","","22.12","","","Si"
"WOW","2016-05-02","10:40:18.045","TRADE","22.130","11","243.43","","","","","22.13","","","Bi"
"WOW","2016-05-02","10:40:18.045","TRADE","22.130","22","486.86","","","","","22.13","","","Bi"
"WOW","2016-05-02","10:40:18.045","TRADE","22.130","8","177.04","","","","","22.13","","","Bi"
"WOW","2016-05-02","10:40:19.073","TRADE","22.130","1","22.13","","","","","22.13","","","Bi"
"WOW","2016-05-02","10:40:19.073","TRADE","22.140","219","4848.66","","","","","22.14","","","XT Bi"
"WOW","2016-05-02","10:40:19.073","TRADE","22.140","18","398.52","","","","","22.14","","","XT Bi"
"WOW","2016-05-02","10:40:22.148","TRADE","22.130","1","22.13","","","","","22.13","","","Bi"
"WOW","2016-05-02","10:40:22.148","TRADE","22.140","226","5003.64","","","","","22.14","","","XT Bi"
"WOW","2016-05-02","10:40:22.148","TRADE","22.140","244","5402.16","","","","","22.14","","","XT Bi"
"WOW","2016-05-02","10:40:22.148","TRADE","22.140","51","1129.14","","","","","22.14","","","Bi"
"WOW","2016-05-02","10:40:24.808","TRADE","22.130","5","110.65","","","","","22.13","","","Si"
"WOW","2016-05-02","10:40:24.810","TRADE","22.130","5","110.65","","","","","22.13","","","Bi"
"WOW","2016-05-02","10:40:25.181","TRADE","22.130","524","11596.12","","","","","22.13","","","Bi"
"WOW","2016-05-02","10:40:25.181","TRADE","22.130","58","1283.54","","","","","22.13","","","Bi"
"WOW","2016-05-02","10:40:26.162","TRADE","22.130","1","22.13","","","","","22.13","","","Bi"
"WOW","2016-05-02","10:40:26.162","TRADE","22.130","295","6528.35","","","","","22.13","","","Bi"
"WOW","2016-05-02","10:40:28.244","TRADE","22.130","235","5200.55","","","","","22.13","","","Bi"
"WOW","2016-05-02","10:40:28.244","TRADE","22.130","59","1305.67","","","","","22.13","","","Bi"
"WOW","2016-05-02","10:40:35.278","TRADE","22.140","219","4848.66","","","","","22.14","","","XT Bi"
"WOW","2016-05-02","10:40:35.278","TRADE","22.140","74","1638.36","","","","","22.14","","","Bi"
"WOW","2016-05-02","10:40:46.649","TRADE","22.140","5","110.7","","","","","22.14","","","Bi"
"WOW","2016-05-02","10:40:51.370","TRADE","22.140","29","642.06","","","","","22.14","","","Bi"
"WOW","2016-05-02","10:40:51.370","TRADE","22.140","17","376.38","","","","","22.14","","","Bi"
"WOW","2016-05-02","10:41:05.382","TRADE","22.140","1","22.14","","","","","22.14","","","Bi"
"WOW","2016-05-02","10:41:50.729","TRADE","22.140","10","221.4","","","","","22.14","","","Bi"
"WOW","2016-05-02","10:41:56.038","TRADE","22.140","216","4782.24","","","","","22.14","","","Bi"
"WOW","2016-05-02","10:42:02.396","TRADE","22.140","279","6177.06","","","","","22.14","","","Bi"
"WOW","2016-05-02","10:42:02.396","TRADE","22.140","58","1284.12","","","","","22.14","","","Bi"
"WOW","2016-05-02","10:42:02.396","TRADE","22.140","2","44.28","","","","","22.14","","","Bi"
"WOW","2016-05-02","10:42:02.396","TRADE","22.140","16","354.24","","","","","22.14","","","Bi"
"WOW","2016-05-02","10:42:19.951","OFFTR","22.135","18","398.43","","","","","","","","NX XT"
"WOW","2016-05-02","10:42:39.417","TRADE","22.140","13","287.82","","","","","22.14","","","Bi"
"WOW","2016-05-02","10:42:42.757","TRADE","22.140","2","44.28","","","","","22.14","","","Bi"
"WOW","2016-05-02","10:42:45.898","TRADE","22.140","1","22.14","","","","","22.14","","","Bi"
"WOW","2016-05-02","10:42:45.898","TRADE","22.140","1","22.14","","","","","22.14","","","Bi"
"WOW","2016-05-02","10:42:45.899","TRADE","22.140","4","88.56","","","","","22.14","","","Si"
"WOW","2016-05-02","10:42:45.901","TRADE","22.130","111","2456.43","","","","","22.13","","","Si"
"WOW","2016-05-02","10:42:45.901","TRADE","22.130","2333","51629.29","","","","","22.13","","","Si"
"WOW","2016-05-02","10:42:45.901","TRADE","22.130","1942","42976.46","","","","","22.13","","","Si"
"WOW","2016-05-02","10:42:45.901","TRADE","22.130","48","1062.24","","","","","22.13","","","Si"
"WOW","2016-05-02","10:42:45.901","TRADE","22.130","31","686.03","","","","","22.13","","","Si"
"WOW","2016-05-02","10:42:45.901","TRADE","22.130","3","66.39","","","","","22.13","","","Si"
"WOW","2016-05-02","10:42:45.901","TRADE","22.130","12","265.56","","","","","22.13","","","Si"
"WOW","2016-05-02","10:42:45.901","TRADE","22.130","248","5488.24","","","","","22.13","","","Si"
"WOW","2016-05-02","10:42:45.901","TRADE","22.130","5","110.65","","","","","22.13","","","Si"
"WOW","2016-05-02","10:42:45.901","TRADE","22.130","15","331.95","","","","","22.13","","","Si"
"WOW","2016-05-02","10:42:45.901","TRADE","22.130","2","44.26","","","","","22.13","","","Si"
"WOW","2016-05-02","10:42:45.901","TRADE","22.130","6","132.78","","","","","22.13","","","Si"
"WOW","2016-05-02","10:42:45.901","TRADE","22.130","1000","22130","","","","","22.13","","","Si"
"WOW","2016-05-02","10:42:45.901","TRADE","22.130","23","508.99","","","","","22.13","","","Si"
"WOW","2016-05-02","10:42:45.901","TRADE","22.130","5","110.65","","","","","22.13","","","Si"
"WOW","2016-05-02","10:42:45.901","TRADE","22.130","244","5399.72","","","","","22.13","","","Si"
"WOW","2016-05-02","10:42:45.901","TRADE","22.130","177","3917.01","","","","","22.13","","","Si"
"WOW","2016-05-02","10:42:45.901","TRADE","22.130","28","619.64","","","","","22.13","","","Si"
"WOW","2016-05-02","10:42:45.901","TRADE","22.130","843","18655.59","","","","","22.13","","","Si"
"WOW","2016-05-02","10:42:45.901","TRADE","22.130","439","9715.07","","","","","22.13","","","Si"
"WOW","2016-05-02","10:42:45.902","TRADE","22.130","74","1637.62","","","","","22.13","","","Si"
"WOW","2016-05-02","10:42:45.914","TRADE","22.130","390","8630.7","","","","","22.13","","","Si"
"WOW","2016-05-02","10:42:46.451","TRADE","22.120","36","796.32","","","","","22.12","","","Si"
"WOW","2016-05-02","10:42:46.451","TRADE","22.120","67","1482.04","","","","","22.12","","","Si"
"WOW","2016-05-02","10:42:46.486","TRADE","22.140","219","4848.66","","","","","22.14","","","Bi"
"WOW","2016-05-02","10:42:46.486","TRADE","22.140","119","2634.66","","","","","22.14","","","Bi"
"WOW","2016-05-02","10:42:46.486","TRADE","22.140","119","2634.66","","","","","22.14","","","Bi"
"WOW","2016-05-02","10:42:46.486","TRADE","22.140","1","22.14","","","","","22.14","","","Bi"
"WOW","2016-05-02","10:42:46.487","TRADE","22.140","17","376.38","","","","","22.14","","","Si"
"WOW","2016-05-02","10:42:46.518","TRADE","22.130","96","2124.48","","","","","22.13","","","Bi"
"WOW","2016-05-02","10:42:46.518","TRADE","22.120","10","221.2","","","","","22.12","","","Si"
"WOW","2016-05-02","10:43:04.035","TRADE","22.120","948","20969.76","","","","","22.12","","","Si"
